THIS IS A SNAPSHOT UPDATE WITH TYPE: 'book'

04-19-2022 23:14:36 | {'security': 'BTCUSD', 'books': [{'side': 'B', 'act': 'U', 'src': 'CROX', 'price': '41328.11', 'qty': '6', 'id': 247697979505814940, 'time': '1650410076142', 'mpid': 'SYMB', 'key': '6APMLSAWS2ZUC0'}, {'side': 'B', 'act': 'U', 'src': 'CROX', 'price': '41347.06', 'qty': '2', 'id': 247697979505814939, 'time': '1650410074125', 'mpid': 'SYMB', 'key': '6APMLSAWS2ZTC0'}, {'side': 'B', 'act': 'U', 'src': 'CROX', 'price': '41342.66', 'qty': '3', 'id': 247697979505814938, 'time': '1650410072002', 'mpid': 'SYMB', 'key': '6APMLSAWS2ZSC0'}, {'side': 'S', 'act': 'U', 'src': 'CROX', 'price': '41552.4', 'qty': '9', 'id': 247697979505814937, 'time': '1650410069991', 'mpid': 'SYMB', 'key': '6APMLSAWS2ZRC0'}, {'side': 'S', 'act': 'U', 'src': 'CROX', 'price': '41550.72', 'qty': '9', 'id': 247697979505814936, 'time': '1650410067909', 'mpid': 'SYMB', 'key': '6APMLSAWS2ZQC0'}, {'side': 'B', 'act': 'U', 'src': 'CROX', 'price': '41326.6', 'qty': '8', 'id': 247697979505814935, 'time': '1650410065815', 'mpid': 'SYMB', 'key': '6APMLSAWS2ZPC0'}, {'side': 'B', 'act': 'U', 'src': 'CROX', 'price': '41364.93', 'qty': '6', 'id': 247697979505814934, 'time': '1650410064890', 'mpid': 'SYMB', 'key': '6APMLSAWS2ZLC0'}, {'side': 'S', 'act': 'U', 'src': 'CROX', 'price': '41550.49', 'qty': '3', 'id': 247697979505814933, 'time': '1650410061701', 'mpid': 'SYMB', 'key': '6APMLSAWS2ZKC0'}, {'side': 'S', 'act': 'U', 'src': 'CROX', 'price': '41552.76', 'qty': '9', 'id': 247697979505814932, 'time': '1650410059689', 'mpid': 'SYMB', 'key': '6APMLSAWS2ZJC0'}, {'side': 'B', 'act': 'U', 'src': 'CROX', 'price': '41352.8', 'qty': '9', 'id': 247697979505814930, 'time': '1650410055514', 'mpid': 'SYMB', 'key': '6APMLSAWS2ZHC0'}, {'side': 'S', 'act': 'U', 'src': 'CROX', 'price': '41553.38', 'qty': '5', 'id': 247697979505814929, 'time': '1650410053505', 'mpid': 'SYMB', 'key': '6APMLSAWS2ZGC0'}, {'side': 'S', 'act': 'U', 'src': 'CROX', 'price': '41555.72', 'qty': '1', 'id': 247697979505814927, 'time': '1650410049290', 'mpid': 'SYMB', 'key': '6APMLSAWS2ZEC0'}, {'side': 'S', 'act': 'U', 'src': 'CROX', 'price': '41568', 'qty': '6', 'id': 247697979505814926, 'time': '1650410047278', 'mpid': 'SYMB', 'key': '6APMLSAWS2ZDC0'}, {'side': 'B', 'act': 'U', 'src': 'CROX', 'price': '41342.18', 'qty': '4', 'id': 247697979505814925, 'time': '1650410045154', 'mpid': 'SYMB', 'key': '6APMLSAWS2ZBC0'}, {'side': 'B', 'act': 'U', 'src': 'CROX', 'price': '41343.13', 'qty': '4', 'id': 247697979505814924, 'time': '1650410045141', 'mpid': 'SYMB', 'key': '6APMLSAWS2ZAC0'}, {'side': 'B', 'act': 'U', 'src': 'CROX', 'price': '41357.24', 'qty': '5', 'id': 247697979505814923, 'time': '1650410045132', 'mpid': 'SYMB', 'key': '6APMLSAWS2Z9C0'}, {'side': 'B', 'act': 'U', 'src': 'CROX', 'price': '41334.54', 'qty': '8', 'id': 247697979505814921, 'time': '1650410042101', 'mpid': 'SYMB', 'key': '6APMLSAWS2Z2C0'}, {'side': 'S', 'act': 'U', 'src': 'CROX', 'price': '41536.11', 'qty': '9', 'id': 247697979505814917, 'time': '1650410033900', 'mpid': 'SYMB', 'key': '6APMLSAWS2YYC0'}, {'side': 'S', 'act': 'U', 'src': 'CROX', 'price': '41545', 'qty': '2', 'id': 247697979505814915, 'time': '1650410029712', 'mpid': 'SYMB', 'key': '6APMLSAWS2YWC0'}, {'side': 'S', 'act': 'U', 'src': 'CROX', 'price': '41560.64', 'qty': '7', 'id': 247697979505814914, 'time': '1650410027631', 'mpid': 'SYMB', 'key': '6APMLSAWS2YVC0'}, {'side': 'S', 'act': 'U', 'src': 'CROX', 'price': '41543.48', 'qty': '6', 'id': 247697979505814910, 'time': '1650410024488', 'mpid': 'SYMB', 'key': '6APMLSAWS2YNC0'}, {'side': 'B', 'act': 'U', 'src': 'CROX', 'price': '41336.1', 'qty': '7', 'id': 247697979505814905, 'time': '1650410014206', 'mpid': 'SYMB', 'key': '6APMLSAWS2YIC0'}, {'side': 'S', 'act': 'U', 'src': 'CROX', 'price': '41551.56', 'qty': '8', 'id': 247697979505814904, 'time': '1650410012111', 'mpid': 'SYMB', 'key': '6APMLSAWS2YHC0'}, {'side': 'B', 'act': 'U', 'src': 'CROX', 'price': '41327.88', 'qty': '7', 'id': 247697979505814903, 'time': '1650410009982', 'mpid': 'SYMB', 'key': '6APMLSAWS2YGC0'}, {'side': 'B', 'act': 'U', 'src': 'CROX', 'price': '41341.01', 'qty': '4', 'id': 247697979505814899, 'time': '1650410001779', 'mpid': 'SYMB', 'key': '6APMLSAWS2Y9C0'}, {'side': 'S', 'act': 'U', 'src': 'CROX', 'price': '41547.67', 'qty': '2', 'id': 247697979505814892, 'time': '1650409987386', 'mpid': 'SYMB', 'key': '6APMLSAWS2Y2C0'}, {'side': 'S', 'act': 'U', 'src': 'CROX', 'price': '41574.2', 'qty': '6', 'id': 247697979505814888, 'time': '1650409984247', 'mpid': 'SYMB', 'key': '6APMLSAWS2XSC0'}, {'side': 'B', 'act': 'U', 'src': 'CROX', 'price': '41332.17', 'qty': '8', 'id': 247697979505814887, 'time': '1650409982235', 'mpid': 'SYMB', 'key': '6APMLSAWS2XRC0'}, {'side': 'B', 'act': 'U', 'src': 'CROX', 'price': '41344.47', 'qty': '7', 'id': 247697979505814886, 'time': '1650409980139', 'mpid': 'SYMB', 'key': '6APMLSAWS2XQC0'}, {'side': 'S', 'act': 'U', 'src': 'CROX', 'price': '41569.98', 'qty': '8', 'id': 247697979505814885, 'time': '1650409978057', 'mpid': 'SYMB', 'key': '6APMLSAWS2XPC0'}, {'side': 'B', 'act': 'U', 'src': 'CROX', 'price': '41335.08', 'qty': '1', 'id': 247697979505814884, 'time': '1650409976036', 'mpid': 'SYMB', 'key': '6APMLSAWS2XOC0'}, {'side': 'S', 'act': 'U', 'src': 'CROX', 'price': '41554.02', 'qty': '6', 'id': 247697979505814882, 'time': '1650409971865', 'mpid': 'SYMB', 'key': '6APMLSAWS2XMC0'}, {'side': 'B', 'act': 'U', 'src': 'CROX', 'price': '41346.39', 'qty': '7', 'id': 247697979505814873, 'time': '1650409953261', 'mpid': 'SYMB', 'key': '6APMLSAWS2XCC0'}, {'side': 'B', 'act': 'U', 'src': 'CROX', 'price': '41343.82', 'qty': '9', 'id': 247697979505814870, 'time': '1650409946965', 'mpid': 'SYMB', 'key': '6APMLSAWS2X9C0'}, {'side': 'B', 'act': 'U', 'src': 'CROX', 'price': '1', 'qty': '1', 'id': 247697979505764574, 'time': '1650400165907', 'mpid': 'SYMB', 'key': '6APMLSAWQMQRC0'}, {'side': 'B', 'act': 'U', 'src': 'CROX', 'price': '1', 'qty': '1', 'id': 247697979505764555, 'time': '1650400133037', 'mpid': 'SYMB', 'key': '6APMLSAWQMPYC0'}, {'side': 'B', 'act': 'U', 'src': 'CROX', 'price': '3', 'qty': '3', 'id': 247697979505456549, 'time': '1650347064572', 'mpid': 'SYMB', 'key': '6APMLSAWHFFYC0'}, {'side': 'B', 'act': 'U', 'src': 'CROX', 'price': '2', 'qty': '2', 'id': 247697979505456546, 'time': '1650347059999', 'mpid': 'SYMB', 'key': '6APMLSAWHFFTC0'}, {'side': 'B', 'act': 'U', 'src': 'CROX', 'price': '2', 'qty': '2', 'id': 247697979505456541, 'time': '1650347053247', 'mpid': 'SYMB', 'key': '6APMLSAWHFFOC0'}, {'side': 'B', 'act': 'U', 'src': 'CROX', 'price': '41318.48', 'qty': '9', 'id': 247697979505814591, 'time': '1650409422745', 'mpid': 'SYMB', 'key': '6APMLSAWRZJYC0'}, {'side': 'B', 'act': 'U', 'src': 'CROX', 'price': '1', 'qty': '10', 'id': 247697979505456538, 'time': '1650347049087', 'mpid': 'SYMB', 'key': '6APMLSAWHFFLC0'}, {'side': 'B', 'act': 'U', 'src': 'CROX', 'price': '1', 'qty': '1', 'id': 247697979505456532, 'time': '1650347043152', 'mpid': 'SYMB', 'key': '6APMLSAWHFFCC0'}, {'side': 'B', 'act': 'U', 'src': 'CROX', 'price': '1', 'qty': '1', 'id': 247697979505456528, 'time': '1650347035322', 'mpid': 'SYMB', 'key': '6APMLSAWHFF8C0'}, {'side': 'S', 'act': 'U', 'src': 'CROX', 'price': '81240.12', 'qty': '0.1', 'id': 247697979505391659, 'time': '1650334100371', 'mpid': 'SYMB', 'key': '6APMLSAWFH3HC0'}, {'side': 'S', 'act': 'U', 'src': 'CROX', 'price': '80832.9', 'qty': '0.1', 'id': 247697979505391658, 'time': '1650334100371', 'mpid': 'SYMB', 'key': '6APMLSAWFH3GC0'}, {'side': 'S', 'act': 'U', 'src': 'CROX', 'price': '80425.68', 'qty': '0.1', 'id': 247697979505391657, 'time': '1650334100371', 'mpid': 'SYMB', 'key': '6APMLSAWFH3FC0'}, {'side': 'S', 'act': 'U', 'src': 'CROX', 'price': '80018.46', 'qty': '0.1', 'id': 247697979505391656, 'time': '1650334100371', 'mpid': 'SYMB', 'key': '6APMLSAWFH3EC0'}, {'side': 'S', 'act': 'U', 'src': 'CROX', 'price': '79611.24', 'qty': '0.1', 'id': 247697979505391655, 'time': '1650334100371', 'mpid': 'SYMB', 'key': '6APMLSAWFH3DC0'}, {'side': 'S', 'act': 'U', 'src': 'CROX', 'price': '79204.02', 'qty': '0.1', 'id': 247697979505391654, 'time': '1650334100371', 'mpid': 'SYMB', 'key': '6APMLSAWFH3CC0'}, {'side': 'S', 'act': 'U', 'src': 'CROX', 'price': '78796.8', 'qty': '0.1', 'id': 247697979505391653, 'time': '1650334100371', 'mpid': 'SYMB', 'key': '6APMLSAWFH3BC0'}, {'side': 'S', 'act': 'U', 'src': 'CROX', 'price': '78389.59', 'qty': '0.1', 'id': 247697979505391652, 'time': '1650334100371', 'mpid': 'SYMB', 'key': '6APMLSAWFH3AC0'}, {'side': 'S', 'act': 'U', 'src': 'CROX', 'price': '77982.37', 'qty': '0.1', 'id': 247697979505391651, 'time': '1650334100371', 'mpid': 'SYMB', 'key': '6APMLSAWFH39C0'}, {'side': 'S', 'act': 'U', 'src': 'CROX', 'price': '77575.15', 'qty': '0.1', 'id': 247697979505391650, 'time': '1650334100306', 'mpid': 'SYMB', 'key': '6APMLSAWFH38C0'}, {'side': 'S', 'act': 'U', 'src': 'CROX', 'price': '77167.93', 'qty': '0.1', 'id': 247697979505391649, 'time': '1650334100306', 'mpid': 'SYMB', 'key': '6APMLSAWFH37C0'}, {'side': 'S', 'act': 'U', 'src': 'CROX', 'price': '76760.71', 'qty': '0.1', 'id': 247697979505391648, 'time': '1650334100306', 'mpid': 'SYMB', 'key': '6APMLSAWFH36C0'}, {'side': 'S', 'act': 'U', 'src': 'CROX', 'price': '76353.49', 'qty': '0.1', 'id': 247697979505391647, 'time': '1650334100306', 'mpid': 'SYMB', 'key': '6APMLSAWFH35C0'}, {'side': 'S', 'act': 'U', 'src': 'CROX', 'price': '75946.27', 'qty': '0.1', 'id': 247697979505391646, 'time': '1650334100306', 'mpid': 'SYMB', 'key': '6APMLSAWFH34C0'}, {'side': 'S', 'act': 'U', 'src': 'CROX', 'price': '75539.06', 'qty': '0.1', 'id': 247697979505391645, 'time': '1650334100306', 'mpid': 'SYMB', 'key': '6APMLSAWFH33C0'}, {'side': 'S', 'act': 'U', 'src': 'CROX', 'price': '75131.84', 'qty': '0.1', 'id': 247697979505391644, 'time': '1650334100306', 'mpid': 'SYMB', 'key': '6APMLSAWFH32C0'}, {'side': 'S', 'act': 'U', 'src': 'CROX', 'price': '74724.62', 'qty': '0.1', 'id': 247697979505391643, 'time': '1650334100306', 'mpid': 'SYMB', 'key': '6APMLSAWFH31C0'}, {'side': 'S', 'act': 'U', 'src': 'CROX', 'price': '74317.4', 'qty': '0.1', 'id': 247697979505391642, 'time': '1650334100306', 'mpid': 'SYMB', 'key': '6APMLSAWFH30C0'}, {'side': 'S', 'act': 'U', 'src': 'CROX', 'price': '73910.18', 'qty': '0.1', 'id': 247697979505391641, 'time': '1650334100305', 'mpid': 'SYMB', 'key': '6APMLSAWFH2ZC0'}, {'side': 'S', 'act': 'U', 'src': 'CROX', 'price': '73502.96', 'qty': '0.1', 'id': 247697979505391640, 'time': '1650334100305', 'mpid': 'SYMB', 'key': '6APMLSAWFH2YC0'}, {'side': 'S', 'act': 'U', 'src': 'CROX', 'price': '73095.74', 'qty': '0.1', 'id': 247697979505391639, 'time': '1650334100305', 'mpid': 'SYMB', 'key': '6APMLSAWFH2XC0'}, {'side': 'S', 'act': 'U', 'src': 'CROX', 'price': '72688.52', 'qty': '0.1', 'id': 247697979505391638, 'time': '1650334100305', 'mpid': 'SYMB', 'key': '6APMLSAWFH2WC0'}, {'side': 'S', 'act': 'U', 'src': 'CROX', 'price': '72281.31', 'qty': '0.1', 'id': 247697979505391637, 'time': '1650334100305', 'mpid': 'SYMB', 'key': '6APMLSAWFH2VC0'}, {'side': 'S', 'act': 'U', 'src': 'CROX', 'price': '71874.09', 'qty': '0.1', 'id': 247697979505391636, 'time': '1650334100305', 'mpid': 'SYMB', 'key': '6APMLSAWFH2UC0'}, {'side': 'S', 'act': 'U', 'src': 'CROX', 'price': '71466.87', 'qty': '0.1', 'id': 247697979505391635, 'time': '1650334100305', 'mpid': 'SYMB', 'key': '6APMLSAWFH2TC0'}, {'side': 'S', 'act': 'U', 'src': 'CROX', 'price': '71059.65', 'qty': '0.1', 'id': 247697979505391634, 'time': '1650334100305', 'mpid': 'SYMB', 'key': '6APMLSAWFH2SC0'}, {'side': 'S', 'act': 'U', 'src': 'CROX', 'price': '70652.43', 'qty': '0.1', 'id': 247697979505391633, 'time': '1650334100305', 'mpid': 'SYMB', 'key': '6APMLSAWFH2RC0'}, {'side': 'S', 'act': 'U', 'src': 'CROX', 'price': '70245.21', 'qty': '0.1', 'id': 247697979505391632, 'time': '1650334100305', 'mpid': 'SYMB', 'key': '6APMLSAWFH2QC0'}, {'side': 'S', 'act': 'U', 'src': 'CROX', 'price': '69837.99', 'qty': '0.1', 'id': 247697979505391631, 'time': '1650334100305', 'mpid': 'SYMB', 'key': '6APMLSAWFH2PC0'}, {'side': 'S', 'act': 'U', 'src': 'CROX', 'price': '69430.78', 'qty': '0.1', 'id': 247697979505391630, 'time': '1650334100305', 'mpid': 'SYMB', 'key': '6APMLSAWFH2OC0'}, {'side': 'S', 'act': 'U', 'src': 'CROX', 'price': '69023.56', 'qty': '0.1', 'id': 247697979505391629, 'time': '1650334100305', 'mpid': 'SYMB', 'key': '6APMLSAWFH2NC0'}, {'side': 'S', 'act': 'U', 'src': 'CROX', 'price': '68616.34', 'qty': '0.1', 'id': 247697979505391628, 'time': '1650334100305', 'mpid': 'SYMB', 'key': '6APMLSAWFH2MC0'}, {'side': 'S', 'act': 'U', 'src': 'CROX', 'price': '68209.12', 'qty': '0.1', 'id': 247697979505391627, 'time': '1650334100305', 'mpid': 'SYMB', 'key': '6APMLSAWFH2LC0'}, {'side': 'S', 'act': 'U', 'src': 'CROX', 'price': '67801.9', 'qty': '0.1', 'id': 247697979505391626, 'time': '1650334100305', 'mpid': 'SYMB', 'key': '6APMLSAWFH2KC0'}, {'side': 'S', 'act': 'U', 'src': 'CROX', 'price': '67394.68', 'qty': '0.1', 'id': 247697979505391625, 'time': '1650334100305', 'mpid': 'SYMB', 'key': '6APMLSAWFH2JC0'}, {'side': 'S', 'act': 'U', 'src': 'CROX', 'price': '66987.46', 'qty': '0.1', 'id': 247697979505391624, 'time': '1650334100305', 'mpid': 'SYMB', 'key': '6APMLSAWFH2IC0'}, {'side': 'S', 'act': 'U', 'src': 'CROX', 'price': '66580.24', 'qty': '0.1', 'id': 247697979505391623, 'time': '1650334100305', 'mpid': 'SYMB', 'key': '6APMLSAWFH2HC0'}, {'side': 'S', 'act': 'U', 'src': 'CROX', 'price': '66173.03', 'qty': '0.1', 'id': 247697979505391622, 'time': '1650334100305', 'mpid': 'SYMB', 'key': '6APMLSAWFH2GC0'}, {'side': 'S', 'act': 'U', 'src': 'CROX', 'price': '65765.81', 'qty': '0.1', 'id': 247697979505391621, 'time': '1650334100305', 'mpid': 'SYMB', 'key': '6APMLSAWFH2FC0'}, {'side': 'S', 'act': 'U', 'src': 'CROX', 'price': '65358.59', 'qty': '0.1', 'id': 247697979505391620, 'time': '1650334100305', 'mpid': 'SYMB', 'key': '6APMLSAWFH2EC0'}, {'side': 'S', 'act': 'U', 'src': 'CROX', 'price': '64951.37', 'qty': '0.1', 'id': 247697979505391619, 'time': '1650334100305', 'mpid': 'SYMB', 'key': '6APMLSAWFH2DC0'}, {'side': 'S', 'act': 'U', 'src': 'CROX', 'price': '64544.15', 'qty': '0.1', 'id': 247697979505391618, 'time': '1650334100305', 'mpid': 'SYMB', 'key': '6APMLSAWFH2CC0'}, {'side': 'S', 'act': 'U', 'src': 'CROX', 'price': '64136.93', 'qty': '0.1', 'id': 247697979505391617, 'time': '1650334100305', 'mpid': 'SYMB', 'key': '6APMLSAWFH2BC0'}, {'side': 'S', 'act': 'U', 'src': 'CROX', 'price': '63729.71', 'qty': '0.1', 'id': 247697979505391616, 'time': '1650334100305', 'mpid': 'SYMB', 'key': '6APMLSAWFH2AC0'}, {'side': 'S', 'act': 'U', 'src': 'CROX', 'price': '63322.5', 'qty': '0.1', 'id': 247697979505391615, 'time': '1650334100305', 'mpid': 'SYMB', 'key': '6APMLSAWFH29C0'}, {'side': 'S', 'act': 'U', 'src': 'CROX', 'price': '62915.28', 'qty': '0.1', 'id': 247697979505391614, 'time': '1650334100304', 'mpid': 'SYMB', 'key': '6APMLSAWFH28C0'}, {'side': 'S', 'act': 'U', 'src': 'CROX', 'price': '62508.06', 'qty': '0.1', 'id': 247697979505391613, 'time': '1650334100304', 'mpid': 'SYMB', 'key': '6APMLSAWFH27C0'}, {'side': 'S', 'act': 'U', 'src': 'CROX', 'price': '62100.84', 'qty': '0.1', 'id': 247697979505391612, 'time': '1650334100304', 'mpid': 'SYMB', 'key': '6APMLSAWFH26C0'}, {'side': 'S', 'act': 'U', 'src': 'CROX', 'price': '61693.62', 'qty': '0.1', 'id': 247697979505391611, 'time': '1650334100304', 'mpid': 'SYMB', 'key': '6APMLSAWFH25C0'}, {'side': 'S', 'act': 'U', 'src': 'CROX', 'price': '61286.4', 'qty': '0.1', 'id': 247697979505391610, 'time': '1650334100304', 'mpid': 'SYMB', 'key': '6APMLSAWFH24C0'}, {'side': 'S', 'act': 'U', 'src': 'CROX', 'price': '60879.18', 'qty': '0.1', 'id': 247697979505391609, 'time': '1650334100304', 'mpid': 'SYMB', 'key': '6APMLSAWFH23C0'}, {'side': 'S', 'act': 'U', 'src': 'CROX', 'price': '60471.97', 'qty': '0.1', 'id': 247697979505391608, 'time': '1650334100304', 'mpid': 'SYMB', 'key': '6APMLSAWFH22C0'}, {'side': 'S', 'act': 'U', 'src': 'CROX', 'price': '60064.75', 'qty': '0.1', 'id': 247697979505391607, 'time': '1650334100304', 'mpid': 'SYMB', 'key': '6APMLSAWFH21C0'}, {'side': 'S', 'act': 'U', 'src': 'CROX', 'price': '59657.53', 'qty': '0.1', 'id': 247697979505391606, 'time': '1650334100304', 'mpid': 'SYMB', 'key': '6APMLSAWFH20C0'}, {'side': 'S', 'act': 'U', 'src': 'CROX', 'price': '59250.31', 'qty': '0.1', 'id': 247697979505391605, 'time': '1650334100304', 'mpid': 'SYMB', 'key': '6APMLSAWFH1ZC0'}, {'side': 'S', 'act': 'U', 'src': 'CROX', 'price': '58843.09', 'qty': '0.1', 'id': 247697979505391604, 'time': '1650334100304', 'mpid': 'SYMB', 'key': '6APMLSAWFH1YC0'}, {'side': 'S', 'act': 'U', 'src': 'CROX', 'price': '58435.87', 'qty': '0.1', 'id': 247697979505391603, 'time': '1650334100304', 'mpid': 'SYMB', 'key': '6APMLSAWFH1XC0'}, {'side': 'S', 'act': 'U', 'src': 'CROX', 'price': '58028.65', 'qty': '0.1', 'id': 247697979505391602, 'time': '1650334100304', 'mpid': 'SYMB', 'key': '6APMLSAWFH1WC0'}, {'side': 'S', 'act': 'U', 'src': 'CROX', 'price': '57621.43', 'qty': '0.1', 'id': 247697979505391601, 'time': '1650334100304', 'mpid': 'SYMB', 'key': '6APMLSAWFH1VC0'}, {'side': 'S', 'act': 'U', 'src': 'CROX', 'price': '57214.22', 'qty': '0.1', 'id': 247697979505391600, 'time': '1650334100304', 'mpid': 'SYMB', 'key': '6APMLSAWFH1UC0'}, {'side': 'S', 'act': 'U', 'src': 'CROX', 'price': '56807', 'qty': '0.1', 'id': 247697979505391599, 'time': '1650334100304', 'mpid': 'SYMB', 'key': '6APMLSAWFH1TC0'}, {'side': 'S', 'act': 'U', 'src': 'CROX', 'price': '56399.78', 'qty': '0.1', 'id': 247697979505391598, 'time': '1650334100304', 'mpid': 'SYMB', 'key': '6APMLSAWFH1SC0'}, {'side': 'S', 'act': 'U', 'src': 'CROX', 'price': '55992.56', 'qty': '0.1', 'id': 247697979505391597, 'time': '1650334100304', 'mpid': 'SYMB', 'key': '6APMLSAWFH1RC0'}, {'side': 'S', 'act': 'U', 'src': 'CROX', 'price': '55585.34', 'qty': '0.1', 'id': 247697979505391596, 'time': '1650334100304', 'mpid': 'SYMB', 'key': '6APMLSAWFH1QC0'}, {'side': 'S', 'act': 'U', 'src': 'CROX', 'price': '55178.12', 'qty': '0.1', 'id': 247697979505391595, 'time': '1650334100304', 'mpid': 'SYMB', 'key': '6APMLSAWFH1PC0'}, {'side': 'S', 'act': 'U', 'src': 'CROX', 'price': '54770.9', 'qty': '0.1', 'id': 247697979505391594, 'time': '1650334100304', 'mpid': 'SYMB', 'key': '6APMLSAWFH1OC0'}, {'side': 'S', 'act': 'U', 'src': 'CROX', 'price': '54363.69', 'qty': '0.1', 'id': 247697979505391593, 'time': '1650334100304', 'mpid': 'SYMB', 'key': '6APMLSAWFH1NC0'}, {'side': 'S', 'act': 'U', 'src': 'CROX', 'price': '53956.47', 'qty': '0.1', 'id': 247697979505391592, 'time': '1650334100304', 'mpid': 'SYMB', 'key': '6APMLSAWFH1MC0'}, {'side': 'S', 'act': 'U', 'src': 'CROX', 'price': '53549.25', 'qty': '0.1', 'id': 247697979505391591, 'time': '1650334100304', 'mpid': 'SYMB', 'key': '6APMLSAWFH1LC0'}, {'side': 'S', 'act': 'U', 'src': 'CROX', 'price': '53142.03', 'qty': '0.1', 'id': 247697979505391590, 'time': '1650334100304', 'mpid': 'SYMB', 'key': '6APMLSAWFH1KC0'}, {'side': 'S', 'act': 'U', 'src': 'CROX', 'price': '52734.81', 'qty': '0.1', 'id': 247697979505391589, 'time': '1650334100304', 'mpid': 'SYMB', 'key': '6APMLSAWFH1JC0'}, {'side': 'S', 'act': 'U', 'src': 'CROX', 'price': '52327.59', 'qty': '0.1', 'id': 247697979505391588, 'time': '1650334100304', 'mpid': 'SYMB', 'key': '6APMLSAWFH1IC0'}, {'side': 'S', 'act': 'U', 'src': 'CROX', 'price': '51920.37', 'qty': '0.1', 'id': 247697979505391587, 'time': '1650334100304', 'mpid': 'SYMB', 'key': '6APMLSAWFH1HC0'}, {'side': 'S', 'act': 'U', 'src': 'CROX', 'price': '51513.15', 'qty': '0.1', 'id': 247697979505391586, 'time': '1650334100304', 'mpid': 'SYMB', 'key': '6APMLSAWFH1GC0'}, {'side': 'S', 'act': 'U', 'src': 'CROX', 'price': '51105.94', 'qty': '0.1', 'id': 247697979505391585, 'time': '1650334100304', 'mpid': 'SYMB', 'key': '6APMLSAWFH1FC0'}, {'side': 'S', 'act': 'U', 'src': 'CROX', 'price': '50698.72', 'qty': '0.1', 'id': 247697979505391584, 'time': '1650334100304', 'mpid': 'SYMB', 'key': '6APMLSAWFH1EC0'}, {'side': 'S', 'act': 'U', 'src': 'CROX', 'price': '50291.5', 'qty': '0.1', 'id': 247697979505391583, 'time': '1650334100304', 'mpid': 'SYMB', 'key': '6APMLSAWFH1DC0'}, {'side': 'S', 'act': 'U', 'src': 'CROX', 'price': '49884.28', 'qty': '0.1', 'id': 247697979505391582, 'time': '1650334100304', 'mpid': 'SYMB', 'key': '6APMLSAWFH1CC0'}, {'side': 'S', 'act': 'U', 'src': 'CROX', 'price': '49477.06', 'qty': '0.1', 'id': 247697979505391581, 'time': '1650334100304', 'mpid': 'SYMB', 'key': '6APMLSAWFH1BC0'}, {'side': 'S', 'act': 'U', 'src': 'CROX', 'price': '49069.84', 'qty': '0.1', 'id': 247697979505391580, 'time': '1650334100303', 'mpid': 'SYMB', 'key': '6APMLSAWFH1AC0'}, {'side': 'S', 'act': 'U', 'src': 'CROX', 'price': '48662.62', 'qty': '0.1', 'id': 247697979505391579, 'time': '1650334100303', 'mpid': 'SYMB', 'key': '6APMLSAWFH19C0'}, {'side': 'S', 'act': 'U', 'src': 'CROX', 'price': '48255.41', 'qty': '0.1', 'id': 247697979505391578, 'time': '1650334100303', 'mpid': 'SYMB', 'key': '6APMLSAWFH18C0'}, {'side': 'S', 'act': 'U', 'src': 'CROX', 'price': '47848.19', 'qty': '0.1', 'id': 247697979505391577, 'time': '1650334100303', 'mpid': 'SYMB', 'key': '6APMLSAWFH17C0'}, {'side': 'S', 'act': 'U', 'src': 'CROX', 'price': '47440.97', 'qty': '0.1', 'id': 247697979505391576, 'time': '1650334100303', 'mpid': 'SYMB', 'key': '6APMLSAWFH16C0'}, {'side': 'S', 'act': 'U', 'src': 'CROX', 'price': '47033.75', 'qty': '0.1', 'id': 247697979505391575, 'time': '1650334100303', 'mpid': 'SYMB', 'key': '6APMLSAWFH15C0'}, {'side': 'S', 'act': 'U', 'src': 'CROX', 'price': '46626.53', 'qty': '0.1', 'id': 247697979505391574, 'time': '1650334100303', 'mpid': 'SYMB', 'key': '6APMLSAWFH14C0'}, {'side': 'S', 'act': 'U', 'src': 'CROX', 'price': '46219.31', 'qty': '0.1', 'id': 247697979505391573, 'time': '1650334100303', 'mpid': 'SYMB', 'key': '6APMLSAWFH13C0'}, {'side': 'S', 'act': 'U', 'src': 'CROX', 'price': '45812.09', 'qty': '0.1', 'id': 247697979505391572, 'time': '1650334100303', 'mpid': 'SYMB', 'key': '6APMLSAWFH12C0'}, {'side': 'S', 'act': 'U', 'src': 'CROX', 'price': '45404.87', 'qty': '0.1', 'id': 247697979505391571, 'time': '1650334100303', 'mpid': 'SYMB', 'key': '6APMLSAWFH11C0'}, {'side': 'S', 'act': 'U', 'src': 'CROX', 'price': '44997.66', 'qty': '0.1', 'id': 247697979505391570, 'time': '1650334100303', 'mpid': 'SYMB', 'key': '6APMLSAWFH10C0'}, {'side': 'S', 'act': 'U', 'src': 'CROX', 'price': '44590.44', 'qty': '0.1', 'id': 247697979505391569, 'time': '1650334100303', 'mpid': 'SYMB', 'key': '6APMLSAWFH0ZC0'}, {'side': 'S', 'act': 'U', 'src': 'CROX', 'price': '44183.22', 'qty': '0.1', 'id': 247697979505391568, 'time': '1650334100303', 'mpid': 'SYMB', 'key': '6APMLSAWFH0YC0'}, {'side': 'S', 'act': 'U', 'src': 'CROX', 'price': '43776', 'qty': '0.1', 'id': 247697979505391567, 'time': '1650334100303', 'mpid': 'SYMB', 'key': '6APMLSAWFH0XC0'}, {'side': 'S', 'act': 'U', 'src': 'CROX', 'price': '43368.78', 'qty': '0.1', 'id': 247697979505391566, 'time': '1650334100303', 'mpid': 'SYMB', 'key': '6APMLSAWFH0WC0'}, {'side': 'S', 'act': 'U', 'src': 'CROX', 'price': '42961.56', 'qty': '0.1', 'id': 247697979505391565, 'time': '1650334100303', 'mpid': 'SYMB', 'key': '6APMLSAWFH0VC0'}, {'side': 'S', 'act': 'U', 'src': 'CROX', 'price': '42554.34', 'qty': '0.1', 'id': 247697979505391564, 'time': '1650334100303', 'mpid': 'SYMB', 'key': '6APMLSAWFH0UC0'}, {'side': 'S', 'act': 'U', 'src': 'CROX', 'price': '42147.13', 'qty': '0.1', 'id': 247697979505391563, 'time': '1650334100303', 'mpid': 'SYMB', 'key': '6APMLSAWFH0TC0'}, {'side': 'S', 'act': 'U', 'src': 'CROX', 'price': '41739.91', 'qty': '0.08984435', 'id': 247697979505391562, 'time': '1650401123358', 'mpid': 'SYMB', 'key': '6APMLSAWFH0SC0'}, {'side': 'B', 'act': 'U', 'src': 'CROX', 'price': '203.6', 'qty': '0.1', 'id': 247697979505391559, 'time': '1650334100238', 'mpid': 'SYMB', 'key': '6APMLSAWFH0PC0'}, {'side': 'B', 'act': 'U', 'src': 'CROX', 'price': '610.82', 'qty': '0.1', 'id': 247697979505391558, 'time': '1650334100238', 'mpid': 'SYMB', 'key': '6APMLSAWFH0OC0'}, {'side': 'B', 'act': 'U', 'src': 'CROX', 'price': '1018.04', 'qty': '0.1', 'id': 247697979505391557, 'time': '1650334100238', 'mpid': 'SYMB', 'key': '6APMLSAWFH0NC0'}, {'side': 'B', 'act': 'U', 'src': 'CROX', 'price': '1425.26', 'qty': '0.1', 'id': 247697979505391556, 'time': '1650334100238', 'mpid': 'SYMB', 'key': '6APMLSAWFH0MC0'}, {'side': 'B', 'act': 'U', 'src': 'CROX', 'price': '1832.48', 'qty': '0.1', 'id': 247697979505391555, 'time': '1650334100238', 'mpid': 'SYMB', 'key': '6APMLSAWFH0LC0'}, {'side': 'B', 'act': 'U', 'src': 'CROX', 'price': '2239.7', 'qty': '0.1', 'id': 247697979505391554, 'time': '1650334100238', 'mpid': 'SYMB', 'key': '6APMLSAWFH0KC0'}, {'side': 'B', 'act': 'U', 'src': 'CROX', 'price': '2646.92', 'qty': '0.1', 'id': 247697979505391553, 'time': '1650334100238', 'mpid': 'SYMB', 'key': '6APMLSAWFH0JC0'}, {'side': 'B', 'act': 'U', 'src': 'CROX', 'price': '3054.13', 'qty': '0.1', 'id': 247697979505391552, 'time': '1650334100238', 'mpid': 'SYMB', 'key': '6APMLSAWFH0IC0'}, {'side': 'B', 'act': 'U', 'src': 'CROX', 'price': '3461.35', 'qty': '0.1', 'id': 247697979505391551, 'time': '1650334100238', 'mpid': 'SYMB', 'key': '6APMLSAWFH0HC0'}, {'side': 'B', 'act': 'U', 'src': 'CROX', 'price': '3868.57', 'qty': '0.1', 'id': 247697979505391550, 'time': '1650334100238', 'mpid': 'SYMB', 'key': '6APMLSAWFH0GC0'}, {'side': 'B', 'act': 'U', 'src': 'CROX', 'price': '4275.79', 'qty': '0.1', 'id': 247697979505391549, 'time': '1650334100238', 'mpid': 'SYMB', 'key': '6APMLSAWFH0FC0'}, {'side': 'B', 'act': 'U', 'src': 'CROX', 'price': '4683.01', 'qty': '0.1', 'id': 247697979505391548, 'time': '1650334100238', 'mpid': 'SYMB', 'key': '6APMLSAWFH0EC0'}, {'side': 'B', 'act': 'U', 'src': 'CROX', 'price': '5090.23', 'qty': '0.1', 'id': 247697979505391547, 'time': '1650334100238', 'mpid': 'SYMB', 'key': '6APMLSAWFH0DC0'}, {'side': 'B', 'act': 'U', 'src': 'CROX', 'price': '5497.45', 'qty': '0.1', 'id': 247697979505391546, 'time': '1650334100238', 'mpid': 'SYMB', 'key': '6APMLSAWFH0CC0'}, {'side': 'B', 'act': 'U', 'src': 'CROX', 'price': '5904.67', 'qty': '0.1', 'id': 247697979505391545, 'time': '1650334100237', 'mpid': 'SYMB', 'key': '6APMLSAWFH0BC0'}, {'side': 'B', 'act': 'U', 'src': 'CROX', 'price': '6311.88', 'qty': '0.1', 'id': 247697979505391544, 'time': '1650334100237', 'mpid': 'SYMB', 'key': '6APMLSAWFH0AC0'}, {'side': 'B', 'act': 'U', 'src': 'CROX', 'price': '6719.1', 'qty': '0.1', 'id': 247697979505391543, 'time': '1650334100237', 'mpid': 'SYMB', 'key': '6APMLSAWFH09C0'}, {'side': 'B', 'act': 'U', 'src': 'CROX', 'price': '7126.32', 'qty': '0.1', 'id': 247697979505391542, 'time': '1650334100237', 'mpid': 'SYMB', 'key': '6APMLSAWFH08C0'}, {'side': 'B', 'act': 'U', 'src': 'CROX', 'price': '7533.54', 'qty': '0.1', 'id': 247697979505391541, 'time': '1650334100237', 'mpid': 'SYMB', 'key': '6APMLSAWFH07C0'}, {'side': 'B', 'act': 'U', 'src': 'CROX', 'price': '7940.76', 'qty': '0.1', 'id': 247697979505391540, 'time': '1650334100237', 'mpid': 'SYMB', 'key': '6APMLSAWFH06C0'}, {'side': 'B', 'act': 'U', 'src': 'CROX', 'price': '8347.98', 'qty': '0.1', 'id': 247697979505391539, 'time': '1650334100237', 'mpid': 'SYMB', 'key': '6APMLSAWFH05C0'}, {'side': 'B', 'act': 'U', 'src': 'CROX', 'price': '8755.2', 'qty': '0.1', 'id': 247697979505391538, 'time': '1650334100237', 'mpid': 'SYMB', 'key': '6APMLSAWFH04C0'}, {'side': 'B', 'act': 'U', 'src': 'CROX', 'price': '9162.41', 'qty': '0.1', 'id': 247697979505391537, 'time': '1650334100237', 'mpid': 'SYMB', 'key': '6APMLSAWFH03C0'}, {'side': 'B', 'act': 'U', 'src': 'CROX', 'price': '9569.63', 'qty': '0.1', 'id': 247697979505391536, 'time': '1650334100237', 'mpid': 'SYMB', 'key': '6APMLSAWFH02C0'}, {'side': 'B', 'act': 'U', 'src': 'CROX', 'price': '9976.85', 'qty': '0.1', 'id': 247697979505391535, 'time': '1650334100237', 'mpid': 'SYMB', 'key': '6APMLSAWFH01C0'}, {'side': 'B', 'act': 'U', 'src': 'CROX', 'price': '10384.07', 'qty': '0.1', 'id': 247697979505391534, 'time': '1650334100237', 'mpid': 'SYMB', 'key': '6APMLSAWFH00C0'}, {'side': 'B', 'act': 'U', 'src': 'CROX', 'price': '10791.29', 'qty': '0.1', 'id': 247697979505391533, 'time': '1650334100237', 'mpid': 'SYMB', 'key': '6APMLSAWFGZZC0'}, {'side': 'B', 'act': 'U', 'src': 'CROX', 'price': '11198.51', 'qty': '0.1', 'id': 247697979505391532, 'time': '1650334100237', 'mpid': 'SYMB', 'key': '6APMLSAWFGZYC0'}, {'side': 'B', 'act': 'U', 'src': 'CROX', 'price': '11605.73', 'qty': '0.1', 'id': 247697979505391531, 'time': '1650334100237', 'mpid': 'SYMB', 'key': '6APMLSAWFGZXC0'}, {'side': 'B', 'act': 'U', 'src': 'CROX', 'price': '12012.95', 'qty': '0.1', 'id': 247697979505391530, 'time': '1650334100237', 'mpid': 'SYMB', 'key': '6APMLSAWFGZWC0'}, {'side': 'B', 'act': 'U', 'src': 'CROX', 'price': '12420.16', 'qty': '0.1', 'id': 247697979505391529, 'time': '1650334100237', 'mpid': 'SYMB', 'key': '6APMLSAWFGZVC0'}, {'side': 'B', 'act': 'U', 'src': 'CROX', 'price': '12827.38', 'qty': '0.1', 'id': 247697979505391528, 'time': '1650334100237', 'mpid': 'SYMB', 'key': '6APMLSAWFGZUC0'}, {'side': 'B', 'act': 'U', 'src': 'CROX', 'price': '13234.6', 'qty': '0.1', 'id': 247697979505391527, 'time': '1650334100237', 'mpid': 'SYMB', 'key': '6APMLSAWFGZTC0'}, {'side': 'B', 'act': 'U', 'src': 'CROX', 'price': '13641.82', 'qty': '0.1', 'id': 247697979505391526, 'time': '1650334100237', 'mpid': 'SYMB', 'key': '6APMLSAWFGZSC0'}, {'side': 'B', 'act': 'U', 'src': 'CROX', 'price': '14049.04', 'qty': '0.1', 'id': 247697979505391525, 'time': '1650334100237', 'mpid': 'SYMB', 'key': '6APMLSAWFGZRC0'}, {'side': 'B', 'act': 'U', 'src': 'CROX', 'price': '14456.26', 'qty': '0.1', 'id': 247697979505391524, 'time': '1650334100237', 'mpid': 'SYMB', 'key': '6APMLSAWFGZQC0'}, {'side': 'B', 'act': 'U', 'src': 'CROX', 'price': '14863.48', 'qty': '0.1', 'id': 247697979505391523, 'time': '1650334100237', 'mpid': 'SYMB', 'key': '6APMLSAWFGZPC0'}, {'side': 'B', 'act': 'U', 'src': 'CROX', 'price': '15270.69', 'qty': '0.1', 'id': 247697979505391522, 'time': '1650334100237', 'mpid': 'SYMB', 'key': '6APMLSAWFGZOC0'}, {'side': 'B', 'act': 'U', 'src': 'CROX', 'price': '15677.91', 'qty': '0.1', 'id': 247697979505391521, 'time': '1650334100237', 'mpid': 'SYMB', 'key': '6APMLSAWFGZNC0'}, {'side': 'B', 'act': 'U', 'src': 'CROX', 'price': '16085.13', 'qty': '0.1', 'id': 247697979505391520, 'time': '1650334100237', 'mpid': 'SYMB', 'key': '6APMLSAWFGZMC0'}, {'side': 'B', 'act': 'U', 'src': 'CROX', 'price': '16492.35', 'qty': '0.1', 'id': 247697979505391519, 'time': '1650334100237', 'mpid': 'SYMB', 'key': '6APMLSAWFGZLC0'}, {'side': 'B', 'act': 'U', 'src': 'CROX', 'price': '16899.57', 'qty': '0.1', 'id': 247697979505391518, 'time': '1650334100237', 'mpid': 'SYMB', 'key': '6APMLSAWFGZKC0'}, {'side': 'B', 'act': 'U', 'src': 'CROX', 'price': '17306.79', 'qty': '0.1', 'id': 247697979505391517, 'time': '1650334100237', 'mpid': 'SYMB', 'key': '6APMLSAWFGZJC0'}, {'side': 'B', 'act': 'U', 'src': 'CROX', 'price': '17714.01', 'qty': '0.1', 'id': 247697979505391516, 'time': '1650334100237', 'mpid': 'SYMB', 'key': '6APMLSAWFGZIC0'}, {'side': 'B', 'act': 'U', 'src': 'CROX', 'price': '18121.23', 'qty': '0.1', 'id': 247697979505391515, 'time': '1650334100237', 'mpid': 'SYMB', 'key': '6APMLSAWFGZHC0'}, {'side': 'B', 'act': 'U', 'src': 'CROX', 'price': '18528.44', 'qty': '0.1', 'id': 247697979505391514, 'time': '1650334100237', 'mpid': 'SYMB', 'key': '6APMLSAWFGZGC0'}, {'side': 'B', 'act': 'U', 'src': 'CROX', 'price': '18935.66', 'qty': '0.1', 'id': 247697979505391513, 'time': '1650334100236', 'mpid': 'SYMB', 'key': '6APMLSAWFGZFC0'}, {'side': 'B', 'act': 'U', 'src': 'CROX', 'price': '19342.88', 'qty': '0.1', 'id': 247697979505391512, 'time': '1650334100236', 'mpid': 'SYMB', 'key': '6APMLSAWFGZEC0'}, {'side': 'B', 'act': 'U', 'src': 'CROX', 'price': '19750.1', 'qty': '0.1', 'id': 247697979505391511, 'time': '1650334100236', 'mpid': 'SYMB', 'key': '6APMLSAWFGZDC0'}, {'side': 'B', 'act': 'U', 'src': 'CROX', 'price': '20157.32', 'qty': '0.1', 'id': 247697979505391510, 'time': '1650334100236', 'mpid': 'SYMB', 'key': '6APMLSAWFGZCC0'}, {'side': 'B', 'act': 'U', 'src': 'CROX', 'price': '20564.54', 'qty': '0.1', 'id': 247697979505391509, 'time': '1650334100236', 'mpid': 'SYMB', 'key': '6APMLSAWFGZBC0'}, {'side': 'B', 'act': 'U', 'src': 'CROX', 'price': '20971.76', 'qty': '0.1', 'id': 247697979505391508, 'time': '1650334100236', 'mpid': 'SYMB', 'key': '6APMLSAWFGZAC0'}, {'side': 'B', 'act': 'U', 'src': 'CROX', 'price': '21378.97', 'qty': '0.1', 'id': 247697979505391507, 'time': '1650334100236', 'mpid': 'SYMB', 'key': '6APMLSAWFGZ9C0'}, {'side': 'B', 'act': 'U', 'src': 'CROX', 'price': '21786.19', 'qty': '0.1', 'id': 247697979505391506, 'time': '1650334100236', 'mpid': 'SYMB', 'key': '6APMLSAWFGZ8C0'}, {'side': 'B', 'act': 'U', 'src': 'CROX', 'price': '22193.41', 'qty': '0.1', 'id': 247697979505391505, 'time': '1650334100236', 'mpid': 'SYMB', 'key': '6APMLSAWFGZ7C0'}, {'side': 'B', 'act': 'U', 'src': 'CROX', 'price': '22600.63', 'qty': '0.1', 'id': 247697979505391504, 'time': '1650334100236', 'mpid': 'SYMB', 'key': '6APMLSAWFGZ6C0'}, {'side': 'B', 'act': 'U', 'src': 'CROX', 'price': '23007.85', 'qty': '0.1', 'id': 247697979505391503, 'time': '1650334100236', 'mpid': 'SYMB', 'key': '6APMLSAWFGZ5C0'}, {'side': 'B', 'act': 'U', 'src': 'CROX', 'price': '23415.07', 'qty': '0.1', 'id': 247697979505391502, 'time': '1650334100236', 'mpid': 'SYMB', 'key': '6APMLSAWFGZ4C0'}, {'side': 'B', 'act': 'U', 'src': 'CROX', 'price': '23822.29', 'qty': '0.1', 'id': 247697979505391501, 'time': '1650334100236', 'mpid': 'SYMB', 'key': '6APMLSAWFGZ3C0'}, {'side': 'B', 'act': 'U', 'src': 'CROX', 'price': '24229.5', 'qty': '0.1', 'id': 247697979505391500, 'time': '1650334100236', 'mpid': 'SYMB', 'key': '6APMLSAWFGZ2C0'}, {'side': 'B', 'act': 'U', 'src': 'CROX', 'price': '24636.72', 'qty': '0.1', 'id': 247697979505391499, 'time': '1650334100236', 'mpid': 'SYMB', 'key': '6APMLSAWFGZ1C0'}, {'side': 'B', 'act': 'U', 'src': 'CROX', 'price': '25043.94', 'qty': '0.1', 'id': 247697979505391498, 'time': '1650334100236', 'mpid': 'SYMB', 'key': '6APMLSAWFGZ0C0'}, {'side': 'B', 'act': 'U', 'src': 'CROX', 'price': '24739.53', 'qty': '0.1', 'id': 247697979505379517, 'time': '1650329905110', 'mpid': 'SYMB', 'key': '6APMLSAWEXWFC0'}, {'side': 'B', 'act': 'U', 'src': 'CROX', 'price': '24330.61', 'qty': '0.1', 'id': 247697979505379518, 'time': '1650329905110', 'mpid': 'SYMB', 'key': '6APMLSAWEXWGC0'}, {'side': 'B', 'act': 'U', 'src': 'CROX', 'price': '23921.69', 'qty': '0.1', 'id': 247697979505379519, 'time': '1650329905110', 'mpid': 'SYMB', 'key': '6APMLSAWEXWHC0'}, {'side': 'B', 'act': 'U', 'src': 'CROX', 'price': '23512.78', 'qty': '0.1', 'id': 247697979505379520, 'time': '1650329905110', 'mpid': 'SYMB', 'key': '6APMLSAWEXWIC0'}, {'side': 'B', 'act': 'U', 'src': 'CROX', 'price': '23103.86', 'qty': '0.1', 'id': 247697979505379521, 'time': '1650329905110', 'mpid': 'SYMB', 'key': '6APMLSAWEXWJC0'}, {'side': 'B', 'act': 'U', 'src': 'CROX', 'price': '22694.94', 'qty': '0.1', 'id': 247697979505379522, 'time': '1650329905110', 'mpid': 'SYMB', 'key': '6APMLSAWEXWKC0'}, {'side': 'B', 'act': 'U', 'src': 'CROX', 'price': '22286.02', 'qty': '0.1', 'id': 247697979505379523, 'time': '1650329905110', 'mpid': 'SYMB', 'key': '6APMLSAWEXWLC0'}, {'side': 'B', 'act': 'U', 'src': 'CROX', 'price': '21877.1', 'qty': '0.1', 'id': 247697979505379524, 'time': '1650329905110', 'mpid': 'SYMB', 'key': '6APMLSAWEXWMC0'}, {'side': 'B', 'act': 'U', 'src': 'CROX', 'price': '21468.19', 'qty': '0.1', 'id': 247697979505379525, 'time': '1650329905110', 'mpid': 'SYMB', 'key': '6APMLSAWEXWNC0'}, {'side': 'B', 'act': 'U', 'src': 'CROX', 'price': '21059.27', 'qty': '0.1', 'id': 247697979505379526, 'time': '1650329905110', 'mpid': 'SYMB', 'key': '6APMLSAWEXWOC0'}, {'side': 'B', 'act': 'U', 'src': 'CROX', 'price': '20650.35', 'qty': '0.1', 'id': 247697979505379527, 'time': '1650329905110', 'mpid': 'SYMB', 'key': '6APMLSAWEXWPC0'}, {'side': 'B', 'act': 'U', 'src': 'CROX', 'price': '20241.43', 'qty': '0.1', 'id': 247697979505379528, 'time': '1650329905110', 'mpid': 'SYMB', 'key': '6APMLSAWEXWQC0'}, {'side': 'B', 'act': 'U', 'src': 'CROX', 'price': '19832.52', 'qty': '0.1', 'id': 247697979505379529, 'time': '1650329905110', 'mpid': 'SYMB', 'key': '6APMLSAWEXWRC0'}, {'side': 'B', 'act': 'U', 'src': 'CROX', 'price': '19423.6', 'qty': '0.1', 'id': 247697979505379530, 'time': '1650329905110', 'mpid': 'SYMB', 'key': '6APMLSAWEXWSC0'}, {'side': 'B', 'act': 'U', 'src': 'CROX', 'price': '19014.68', 'qty': '0.1', 'id': 247697979505379531, 'time': '1650329905110', 'mpid': 'SYMB', 'key': '6APMLSAWEXWTC0'}, {'side': 'B', 'act': 'U', 'src': 'CROX', 'price': '18605.76', 'qty': '0.1', 'id': 247697979505379532, 'time': '1650329905110', 'mpid': 'SYMB', 'key': '6APMLSAWEXWUC0'}, {'side': 'B', 'act': 'U', 'src': 'CROX', 'price': '18196.84', 'qty': '0.1', 'id': 247697979505379533, 'time': '1650329905110', 'mpid': 'SYMB', 'key': '6APMLSAWEXWVC0'}, {'side': 'B', 'act': 'U', 'src': 'CROX', 'price': '17787.93', 'qty': '0.1', 'id': 247697979505379534, 'time': '1650329905110', 'mpid': 'SYMB', 'key': '6APMLSAWEXWWC0'}, {'side': 'B', 'act': 'U', 'src': 'CROX', 'price': '17379.01', 'qty': '0.1', 'id': 247697979505379535, 'time': '1650329905110', 'mpid': 'SYMB', 'key': '6APMLSAWEXWXC0'}, {'side': 'B', 'act': 'U', 'src': 'CROX', 'price': '16970.09', 'qty': '0.1', 'id': 247697979505379536, 'time': '1650329905110', 'mpid': 'SYMB', 'key': '6APMLSAWEXWYC0'}, {'side': 'B', 'act': 'U', 'src': 'CROX', 'price': '16561.17', 'qty': '0.1', 'id': 247697979505379537, 'time': '1650329905110', 'mpid': 'SYMB', 'key': '6APMLSAWEXWZC0'}, {'side': 'B', 'act': 'U', 'src': 'CROX', 'price': '16152.25', 'qty': '0.1', 'id': 247697979505379538, 'time': '1650329905110', 'mpid': 'SYMB', 'key': '6APMLSAWEXX0C0'}, {'side': 'B', 'act': 'U', 'src': 'CROX', 'price': '15743.34', 'qty': '0.1', 'id': 247697979505379539, 'time': '1650329905110', 'mpid': 'SYMB', 'key': '6APMLSAWEXX1C0'}, {'side': 'B', 'act': 'U', 'src': 'CROX', 'price': '15334.42', 'qty': '0.1', 'id': 247697979505379540, 'time': '1650329905110', 'mpid': 'SYMB', 'key': '6APMLSAWEXX2C0'}, {'side': 'B', 'act': 'U', 'src': 'CROX', 'price': '14925.5', 'qty': '0.1', 'id': 247697979505379541, 'time': '1650329905110', 'mpid': 'SYMB', 'key': '6APMLSAWEXX3C0'}, {'side': 'B', 'act': 'U', 'src': 'CROX', 'price': '14516.58', 'qty': '0.1', 'id': 247697979505379542, 'time': '1650329905110', 'mpid': 'SYMB', 'key': '6APMLSAWEXX4C0'}, {'side': 'B', 'act': 'U', 'src': 'CROX', 'price': '14107.66', 'qty': '0.1', 'id': 247697979505379543, 'time': '1650329905110', 'mpid': 'SYMB', 'key': '6APMLSAWEXX5C0'}, {'side': 'B', 'act': 'U', 'src': 'CROX', 'price': '13698.75', 'qty': '0.1', 'id': 247697979505379544, 'time': '1650329905110', 'mpid': 'SYMB', 'key': '6APMLSAWEXX6C0'}, {'side': 'B', 'act': 'U', 'src': 'CROX', 'price': '13289.83', 'qty': '0.1', 'id': 247697979505379545, 'time': '1650329905111', 'mpid': 'SYMB', 'key': '6APMLSAWEXX7C0'}, {'side': 'B', 'act': 'U', 'src': 'CROX', 'price': '12880.91', 'qty': '0.1', 'id': 247697979505379546, 'time': '1650329905111', 'mpid': 'SYMB', 'key': '6APMLSAWEXX8C0'}, {'side': 'B', 'act': 'U', 'src': 'CROX', 'price': '12471.99', 'qty': '0.1', 'id': 247697979505379547, 'time': '1650329905111', 'mpid': 'SYMB', 'key': '6APMLSAWEXX9C0'}, {'side': 'B', 'act': 'U', 'src': 'CROX', 'price': '12063.07', 'qty': '0.1', 'id': 247697979505379548, 'time': '1650329905111', 'mpid': 'SYMB', 'key': '6APMLSAWEXXAC0'}, {'side': 'B', 'act': 'U', 'src': 'CROX', 'price': '11654.16', 'qty': '0.1', 'id': 247697979505379549, 'time': '1650329905111', 'mpid': 'SYMB', 'key': '6APMLSAWEXXBC0'}, {'side': 'B', 'act': 'U', 'src': 'CROX', 'price': '11245.24', 'qty': '0.1', 'id': 247697979505379550, 'time': '1650329905111', 'mpid': 'SYMB', 'key': '6APMLSAWEXXCC0'}, {'side': 'B', 'act': 'U', 'src': 'CROX', 'price': '10836.32', 'qty': '0.1', 'id': 247697979505379551, 'time': '1650329905111', 'mpid': 'SYMB', 'key': '6APMLSAWEXXDC0'}, {'side': 'B', 'act': 'U', 'src': 'CROX', 'price': '10427.4', 'qty': '0.1', 'id': 247697979505379552, 'time': '1650329905111', 'mpid': 'SYMB', 'key': '6APMLSAWEXXEC0'}, {'side': 'B', 'act': 'U', 'src': 'CROX', 'price': '10018.48', 'qty': '0.1', 'id': 247697979505379553, 'time': '1650329905111', 'mpid': 'SYMB', 'key': '6APMLSAWEXXFC0'}, {'side': 'B', 'act': 'U', 'src': 'CROX', 'price': '9609.57', 'qty': '0.1', 'id': 247697979505379554, 'time': '1650329905111', 'mpid': 'SYMB', 'key': '6APMLSAWEXXGC0'}, {'side': 'B', 'act': 'U', 'src': 'CROX', 'price': '9200.65', 'qty': '0.1', 'id': 247697979505379555, 'time': '1650329905111', 'mpid': 'SYMB', 'key': '6APMLSAWEXXHC0'}, {'side': 'B', 'act': 'U', 'src': 'CROX', 'price': '8791.73', 'qty': '0.1', 'id': 247697979505379556, 'time': '1650329905111', 'mpid': 'SYMB', 'key': '6APMLSAWEXXIC0'}, {'side': 'B', 'act': 'U', 'src': 'CROX', 'price': '8382.81', 'qty': '0.1', 'id': 247697979505379557, 'time': '1650329905111', 'mpid': 'SYMB', 'key': '6APMLSAWEXXJC0'}, {'side': 'B', 'act': 'U', 'src': 'CROX', 'price': '7973.89', 'qty': '0.1', 'id': 247697979505379558, 'time': '1650329905111', 'mpid': 'SYMB', 'key': '6APMLSAWEXXKC0'}, {'side': 'B', 'act': 'U', 'src': 'CROX', 'price': '7564.98', 'qty': '0.1', 'id': 247697979505379559, 'time': '1650329905111', 'mpid': 'SYMB', 'key': '6APMLSAWEXXLC0'}, {'side': 'B', 'act': 'U', 'src': 'CROX', 'price': '7156.06', 'qty': '0.1', 'id': 247697979505379560, 'time': '1650329905111', 'mpid': 'SYMB', 'key': '6APMLSAWEXXMC0'}, {'side': 'B', 'act': 'U', 'src': 'CROX', 'price': '6747.14', 'qty': '0.1', 'id': 247697979505379561, 'time': '1650329905111', 'mpid': 'SYMB', 'key': '6APMLSAWEXXNC0'}, {'side': 'B', 'act': 'U', 'src': 'CROX', 'price': '6338.22', 'qty': '0.1', 'id': 247697979505379562, 'time': '1650329905111', 'mpid': 'SYMB', 'key': '6APMLSAWEXXOC0'}, {'side': 'B', 'act': 'U', 'src': 'CROX', 'price': '5929.31', 'qty': '0.1', 'id': 247697979505379563, 'time': '1650329905111', 'mpid': 'SYMB', 'key': '6APMLSAWEXXPC0'}, {'side': 'B', 'act': 'U', 'src': 'CROX', 'price': '5520.39', 'qty': '0.1', 'id': 247697979505379564, 'time': '1650329905111', 'mpid': 'SYMB', 'key': '6APMLSAWEXXQC0'}, {'side': 'B', 'act': 'U', 'src': 'CROX', 'price': '5111.47', 'qty': '0.1', 'id': 247697979505379565, 'time': '1650329905111', 'mpid': 'SYMB', 'key': '6APMLSAWEXXRC0'}, {'side': 'B', 'act': 'U', 'src': 'CROX', 'price': '4702.55', 'qty': '0.1', 'id': 247697979505379566, 'time': '1650329905111', 'mpid': 'SYMB', 'key': '6APMLSAWEXXSC0'}, {'side': 'B', 'act': 'U', 'src': 'CROX', 'price': '4293.63', 'qty': '0.1', 'id': 247697979505379567, 'time': '1650329905111', 'mpid': 'SYMB', 'key': '6APMLSAWEXXTC0'}, {'side': 'B', 'act': 'U', 'src': 'CROX', 'price': '3884.72', 'qty': '0.1', 'id': 247697979505379568, 'time': '1650329905111', 'mpid': 'SYMB', 'key': '6APMLSAWEXXUC0'}, {'side': 'B', 'act': 'U', 'src': 'CROX', 'price': '3475.8', 'qty': '0.1', 'id': 247697979505379569, 'time': '1650329905111', 'mpid': 'SYMB', 'key': '6APMLSAWEXXVC0'}, {'side': 'B', 'act': 'U', 'src': 'CROX', 'price': '3066.88', 'qty': '0.1', 'id': 247697979505379570, 'time': '1650329905111', 'mpid': 'SYMB', 'key': '6APMLSAWEXXWC0'}, {'side': 'B', 'act': 'U', 'src': 'CROX', 'price': '2657.96', 'qty': '0.1', 'id': 247697979505379571, 'time': '1650329905111', 'mpid': 'SYMB', 'key': '6APMLSAWEXXXC0'}, {'side': 'B', 'act': 'U', 'src': 'CROX', 'price': '2249.04', 'qty': '0.1', 'id': 247697979505379572, 'time': '1650329905111', 'mpid': 'SYMB', 'key': '6APMLSAWEXXYC0'}, {'side': 'B', 'act': 'U', 'src': 'CROX', 'price': '1840.13', 'qty': '0.1', 'id': 247697979505379573, 'time': '1650329905111', 'mpid': 'SYMB', 'key': '6APMLSAWEXXZC0'}, {'side': 'B', 'act': 'U', 'src': 'CROX', 'price': '1431.21', 'qty': '0.1', 'id': 247697979505379574, 'time': '1650329905111', 'mpid': 'SYMB', 'key': '6APMLSAWEXY0C0'}, {'side': 'B', 'act': 'U', 'src': 'CROX', 'price': '1022.29', 'qty': '0.1', 'id': 247697979505379575, 'time': '1650329905111', 'mpid': 'SYMB', 'key': '6APMLSAWEXY1C0'}, {'side': 'B', 'act': 'U', 'src': 'CROX', 'price': '613.37', 'qty': '0.1', 'id': 247697979505379576, 'time': '1650329905111', 'mpid': 'SYMB', 'key': '6APMLSAWEXY2C0'}, {'side': 'B', 'act': 'U', 'src': 'CROX', 'price': '204.45', 'qty': '0.1', 'id': 247697979505379577, 'time': '1650329905111', 'mpid': 'SYMB', 'key': '6APMLSAWEXY3C0'}, {'side': 'S', 'act': 'U', 'src': 'CROX', 'price': '41914.08', 'qty': '0.1', 'id': 247697979505379580, 'time': '1650329905173', 'mpid': 'SYMB', 'key': '6APMLSAWEXY6C0'}, {'side': 'S', 'act': 'U', 'src': 'CROX', 'price': '42323', 'qty': '0.1', 'id': 247697979505379581, 'time': '1650329905173', 'mpid': 'SYMB', 'key': '6APMLSAWEXY7C0'}, {'side': 'S', 'act': 'U', 'src': 'CROX', 'price': '42731.92', 'qty': '0.1', 'id': 247697979505379582, 'time': '1650329905173', 'mpid': 'SYMB', 'key': '6APMLSAWEXY8C0'}, {'side': 'S', 'act': 'U', 'src': 'CROX', 'price': '43140.84', 'qty': '0.1', 'id': 247697979505379583, 'time': '1650329905173', 'mpid': 'SYMB', 'key': '6APMLSAWEXY9C0'}, {'side': 'S', 'act': 'U', 'src': 'CROX', 'price': '43549.76', 'qty': '0.1', 'id': 247697979505379584, 'time': '1650329905173', 'mpid': 'SYMB', 'key': '6APMLSAWEXYAC0'}, {'side': 'S', 'act': 'U', 'src': 'CROX', 'price': '43958.67', 'qty': '0.1', 'id': 247697979505379585, 'time': '1650329905173', 'mpid': 'SYMB', 'key': '6APMLSAWEXYBC0'}, {'side': 'S', 'act': 'U', 'src': 'CROX', 'price': '44367.59', 'qty': '0.1', 'id': 247697979505379586, 'time': '1650329905173', 'mpid': 'SYMB', 'key': '6APMLSAWEXYCC0'}, {'side': 'S', 'act': 'U', 'src': 'CROX', 'price': '44776.51', 'qty': '0.1', 'id': 247697979505379587, 'time': '1650329905173', 'mpid': 'SYMB', 'key': '6APMLSAWEXYDC0'}, {'side': 'S', 'act': 'U', 'src': 'CROX', 'price': '45185.43', 'qty': '0.1', 'id': 247697979505379588, 'time': '1650329905173', 'mpid': 'SYMB', 'key': '6APMLSAWEXYEC0'}, {'side': 'S', 'act': 'U', 'src': 'CROX', 'price': '45594.35', 'qty': '0.1', 'id': 247697979505379589, 'time': '1650329905173', 'mpid': 'SYMB', 'key': '6APMLSAWEXYFC0'}, {'side': 'S', 'act': 'U', 'src': 'CROX', 'price': '46003.26', 'qty': '0.1', 'id': 247697979505379590, 'time': '1650329905174', 'mpid': 'SYMB', 'key': '6APMLSAWEXYGC0'}, {'side': 'S', 'act': 'U', 'src': 'CROX', 'price': '46412.18', 'qty': '0.1', 'id': 247697979505379591, 'time': '1650329905174', 'mpid': 'SYMB', 'key': '6APMLSAWEXYHC0'}, {'side': 'S', 'act': 'U', 'src': 'CROX', 'price': '46821.1', 'qty': '0.1', 'id': 247697979505379592, 'time': '1650329905174', 'mpid': 'SYMB', 'key': '6APMLSAWEXYIC0'}, {'side': 'S', 'act': 'U', 'src': 'CROX', 'price': '47230.02', 'qty': '0.1', 'id': 247697979505379593, 'time': '1650329905174', 'mpid': 'SYMB', 'key': '6APMLSAWEXYJC0'}, {'side': 'S', 'act': 'U', 'src': 'CROX', 'price': '47638.94', 'qty': '0.1', 'id': 247697979505379594, 'time': '1650329905174', 'mpid': 'SYMB', 'key': '6APMLSAWEXYKC0'}, {'side': 'S', 'act': 'U', 'src': 'CROX', 'price': '48047.85', 'qty': '0.1', 'id': 247697979505379595, 'time': '1650329905174', 'mpid': 'SYMB', 'key': '6APMLSAWEXYLC0'}, {'side': 'S', 'act': 'U', 'src': 'CROX', 'price': '48456.77', 'qty': '0.1', 'id': 247697979505379596, 'time': '1650329905174', 'mpid': 'SYMB', 'key': '6APMLSAWEXYMC0'}, {'side': 'S', 'act': 'U', 'src': 'CROX', 'price': '48865.69', 'qty': '0.1', 'id': 247697979505379597, 'time': '1650329905174', 'mpid': 'SYMB', 'key': '6APMLSAWEXYNC0'}, {'side': 'S', 'act': 'U', 'src': 'CROX', 'price': '49274.61', 'qty': '0.1', 'id': 247697979505379598, 'time': '1650329905174', 'mpid': 'SYMB', 'key': '6APMLSAWEXYOC0'}, {'side': 'S', 'act': 'U', 'src': 'CROX', 'price': '49683.52', 'qty': '0.1', 'id': 247697979505379599, 'time': '1650329905174', 'mpid': 'SYMB', 'key': '6APMLSAWEXYPC0'}, {'side': 'S', 'act': 'U', 'src': 'CROX', 'price': '50092.44', 'qty': '0.1', 'id': 247697979505379600, 'time': '1650329905174', 'mpid': 'SYMB', 'key': '6APMLSAWEXYQC0'}, {'side': 'S', 'act': 'U', 'src': 'CROX', 'price': '50501.36', 'qty': '0.1', 'id': 247697979505379601, 'time': '1650329905174', 'mpid': 'SYMB', 'key': '6APMLSAWEXYRC0'}, {'side': 'S', 'act': 'U', 'src': 'CROX', 'price': '50910.28', 'qty': '0.1', 'id': 247697979505379602, 'time': '1650329905174', 'mpid': 'SYMB', 'key': '6APMLSAWEXYSC0'}, {'side': 'S', 'act': 'U', 'src': 'CROX', 'price': '51319.2', 'qty': '0.1', 'id': 247697979505379603, 'time': '1650329905174', 'mpid': 'SYMB', 'key': '6APMLSAWEXYTC0'}, {'side': 'S', 'act': 'U', 'src': 'CROX', 'price': '51728.11', 'qty': '0.1', 'id': 247697979505379604, 'time': '1650329905174', 'mpid': 'SYMB', 'key': '6APMLSAWEXYUC0'}, {'side': 'S', 'act': 'U', 'src': 'CROX', 'price': '52137.03', 'qty': '0.1', 'id': 247697979505379605, 'time': '1650329905174', 'mpid': 'SYMB', 'key': '6APMLSAWEXYVC0'}, {'side': 'S', 'act': 'U', 'src': 'CROX', 'price': '52545.95', 'qty': '0.1', 'id': 247697979505379606, 'time': '1650329905174', 'mpid': 'SYMB', 'key': '6APMLSAWEXYWC0'}, {'side': 'S', 'act': 'U', 'src': 'CROX', 'price': '52954.87', 'qty': '0.1', 'id': 247697979505379607, 'time': '1650329905174', 'mpid': 'SYMB', 'key': '6APMLSAWEXYXC0'}, {'side': 'S', 'act': 'U', 'src': 'CROX', 'price': '53363.79', 'qty': '0.1', 'id': 247697979505379608, 'time': '1650329905174', 'mpid': 'SYMB', 'key': '6APMLSAWEXYYC0'}, {'side': 'S', 'act': 'U', 'src': 'CROX', 'price': '53772.7', 'qty': '0.1', 'id': 247697979505379609, 'time': '1650329905174', 'mpid': 'SYMB', 'key': '6APMLSAWEXYZC0'}, {'side': 'S', 'act': 'U', 'src': 'CROX', 'price': '54181.62', 'qty': '0.1', 'id': 247697979505379610, 'time': '1650329905174', 'mpid': 'SYMB', 'key': '6APMLSAWEXZ0C0'}, {'side': 'S', 'act': 'U', 'src': 'CROX', 'price': '54590.54', 'qty': '0.1', 'id': 247697979505379611, 'time': '1650329905174', 'mpid': 'SYMB', 'key': '6APMLSAWEXZ1C0'}, {'side': 'S', 'act': 'U', 'src': 'CROX', 'price': '54999.46', 'qty': '0.1', 'id': 247697979505379612, 'time': '1650329905174', 'mpid': 'SYMB', 'key': '6APMLSAWEXZ2C0'}, {'side': 'S', 'act': 'U', 'src': 'CROX', 'price': '55408.38', 'qty': '0.1', 'id': 247697979505379613, 'time': '1650329905174', 'mpid': 'SYMB', 'key': '6APMLSAWEXZ3C0'}, {'side': 'S', 'act': 'U', 'src': 'CROX', 'price': '55817.29', 'qty': '0.1', 'id': 247697979505379614, 'time': '1650329905174', 'mpid': 'SYMB', 'key': '6APMLSAWEXZ4C0'}, {'side': 'S', 'act': 'U', 'src': 'CROX', 'price': '56226.21', 'qty': '0.1', 'id': 247697979505379615, 'time': '1650329905174', 'mpid': 'SYMB', 'key': '6APMLSAWEXZ5C0'}], 'type': 'book'}
04-19-2022 23:14:36 | {'security': 'BTCUSD', 'books': [{'side': 'S', 'act': 'U', 'src': 'CROX', 'price': '56635.13', 'qty': '0.1', 'id': 247697979505379616, 'time': '1650329905174', 'mpid': 'SYMB', 'key': '6APMLSAWEXZ6C0'}, {'side': 'S', 'act': 'U', 'src': 'CROX', 'price': '57044.05', 'qty': '0.1', 'id': 247697979505379617, 'time': '1650329905174', 'mpid': 'SYMB', 'key': '6APMLSAWEXZ7C0'}, {'side': 'S', 'act': 'U', 'src': 'CROX', 'price': '57452.97', 'qty': '0.1', 'id': 247697979505379618, 'time': '1650329905174', 'mpid': 'SYMB', 'key': '6APMLSAWEXZ8C0'}, {'side': 'S', 'act': 'U', 'src': 'CROX', 'price': '57861.88', 'qty': '0.1', 'id': 247697979505379619, 'time': '1650329905174', 'mpid': 'SYMB', 'key': '6APMLSAWEXZ9C0'}, {'side': 'S', 'act': 'U', 'src': 'CROX', 'price': '58270.8', 'qty': '0.1', 'id': 247697979505379620, 'time': '1650329905174', 'mpid': 'SYMB', 'key': '6APMLSAWEXZAC0'}, {'side': 'B', 'act': 'U', 'src': 'CROX', 'price': '24727.79', 'qty': '0.1', 'id': 247697979505383712, 'time': '1650331666104', 'mpid': 'SYMB', 'key': '6APMLSAWF2X5C0'}, {'side': 'S', 'act': 'U', 'src': 'CROX', 'price': '58679.72', 'qty': '0.1', 'id': 247697979505379621, 'time': '1650329905174', 'mpid': 'SYMB', 'key': '6APMLSAWEXZBC0'}, {'side': 'B', 'act': 'U', 'src': 'CROX', 'price': '24319.06', 'qty': '0.1', 'id': 247697979505383713, 'time': '1650331666104', 'mpid': 'SYMB', 'key': '6APMLSAWF2X6C0'}, {'side': 'S', 'act': 'U', 'src': 'CROX', 'price': '59088.64', 'qty': '0.1', 'id': 247697979505379622, 'time': '1650329905174', 'mpid': 'SYMB', 'key': '6APMLSAWEXZCC0'}, {'side': 'B', 'act': 'U', 'src': 'CROX', 'price': '23910.34', 'qty': '0.1', 'id': 247697979505383714, 'time': '1650331666104', 'mpid': 'SYMB', 'key': '6APMLSAWF2X7C0'}, {'side': 'S', 'act': 'U', 'src': 'CROX', 'price': '59497.56', 'qty': '0.1', 'id': 247697979505379623, 'time': '1650329905174', 'mpid': 'SYMB', 'key': '6APMLSAWEXZDC0'}, {'side': 'B', 'act': 'U', 'src': 'CROX', 'price': '23501.61', 'qty': '0.1', 'id': 247697979505383715, 'time': '1650331666104', 'mpid': 'SYMB', 'key': '6APMLSAWF2X8C0'}, {'side': 'S', 'act': 'U', 'src': 'CROX', 'price': '59906.47', 'qty': '0.1', 'id': 247697979505379624, 'time': '1650329905174', 'mpid': 'SYMB', 'key': '6APMLSAWEXZEC0'}, {'side': 'B', 'act': 'U', 'src': 'CROX', 'price': '23092.89', 'qty': '0.1', 'id': 247697979505383716, 'time': '1650331666104', 'mpid': 'SYMB', 'key': '6APMLSAWF2X9C0'}, {'side': 'S', 'act': 'U', 'src': 'CROX', 'price': '60315.39', 'qty': '0.1', 'id': 247697979505379625, 'time': '1650329905175', 'mpid': 'SYMB', 'key': '6APMLSAWEXZFC0'}, {'side': 'B', 'act': 'U', 'src': 'CROX', 'price': '22684.17', 'qty': '0.1', 'id': 247697979505383717, 'time': '1650331666104', 'mpid': 'SYMB', 'key': '6APMLSAWF2XAC0'}, {'side': 'S', 'act': 'U', 'src': 'CROX', 'price': '60724.31', 'qty': '0.1', 'id': 247697979505379626, 'time': '1650329905175', 'mpid': 'SYMB', 'key': '6APMLSAWEXZGC0'}, {'side': 'B', 'act': 'U', 'src': 'CROX', 'price': '22275.44', 'qty': '0.1', 'id': 247697979505383718, 'time': '1650331666104', 'mpid': 'SYMB', 'key': '6APMLSAWF2XBC0'}, {'side': 'S', 'act': 'U', 'src': 'CROX', 'price': '61133.23', 'qty': '0.1', 'id': 247697979505379627, 'time': '1650329905175', 'mpid': 'SYMB', 'key': '6APMLSAWEXZHC0'}, {'side': 'B', 'act': 'U', 'src': 'CROX', 'price': '21866.72', 'qty': '0.1', 'id': 247697979505383719, 'time': '1650331666104', 'mpid': 'SYMB', 'key': '6APMLSAWF2XCC0'}, {'side': 'S', 'act': 'U', 'src': 'CROX', 'price': '61542.15', 'qty': '0.1', 'id': 247697979505379628, 'time': '1650329905175', 'mpid': 'SYMB', 'key': '6APMLSAWEXZIC0'}, {'side': 'B', 'act': 'U', 'src': 'CROX', 'price': '21458', 'qty': '0.1', 'id': 247697979505383720, 'time': '1650331666104', 'mpid': 'SYMB', 'key': '6APMLSAWF2XDC0'}, {'side': 'S', 'act': 'U', 'src': 'CROX', 'price': '61951.06', 'qty': '0.1', 'id': 247697979505379629, 'time': '1650329905175', 'mpid': 'SYMB', 'key': '6APMLSAWEXZJC0'}, {'side': 'B', 'act': 'U', 'src': 'CROX', 'price': '21049.27', 'qty': '0.1', 'id': 247697979505383721, 'time': '1650331666105', 'mpid': 'SYMB', 'key': '6APMLSAWF2XEC0'}, {'side': 'S', 'act': 'U', 'src': 'CROX', 'price': '62359.98', 'qty': '0.1', 'id': 247697979505379630, 'time': '1650329905175', 'mpid': 'SYMB', 'key': '6APMLSAWEXZKC0'}, {'side': 'B', 'act': 'U', 'src': 'CROX', 'price': '20640.55', 'qty': '0.1', 'id': 247697979505383722, 'time': '1650331666105', 'mpid': 'SYMB', 'key': '6APMLSAWF2XFC0'}, {'side': 'S', 'act': 'U', 'src': 'CROX', 'price': '62768.9', 'qty': '0.1', 'id': 247697979505379631, 'time': '1650329905175', 'mpid': 'SYMB', 'key': '6APMLSAWEXZLC0'}, {'side': 'B', 'act': 'U', 'src': 'CROX', 'price': '20231.82', 'qty': '0.1', 'id': 247697979505383723, 'time': '1650331666105', 'mpid': 'SYMB', 'key': '6APMLSAWF2XGC0'}, {'side': 'S', 'act': 'U', 'src': 'CROX', 'price': '63177.82', 'qty': '0.1', 'id': 247697979505379632, 'time': '1650329905175', 'mpid': 'SYMB', 'key': '6APMLSAWEXZMC0'}, {'side': 'B', 'act': 'U', 'src': 'CROX', 'price': '19823.1', 'qty': '0.1', 'id': 247697979505383724, 'time': '1650331666105', 'mpid': 'SYMB', 'key': '6APMLSAWF2XHC0'}, {'side': 'S', 'act': 'U', 'src': 'CROX', 'price': '63586.73', 'qty': '0.1', 'id': 247697979505379633, 'time': '1650329905175', 'mpid': 'SYMB', 'key': '6APMLSAWEXZNC0'}, {'side': 'B', 'act': 'U', 'src': 'CROX', 'price': '19414.38', 'qty': '0.1', 'id': 247697979505383725, 'time': '1650331666105', 'mpid': 'SYMB', 'key': '6APMLSAWF2XIC0'}, {'side': 'S', 'act': 'U', 'src': 'CROX', 'price': '63995.65', 'qty': '0.1', 'id': 247697979505379634, 'time': '1650329905175', 'mpid': 'SYMB', 'key': '6APMLSAWEXZOC0'}, {'side': 'B', 'act': 'U', 'src': 'CROX', 'price': '19005.65', 'qty': '0.1', 'id': 247697979505383726, 'time': '1650331666105', 'mpid': 'SYMB', 'key': '6APMLSAWF2XJC0'}, {'side': 'S', 'act': 'U', 'src': 'CROX', 'price': '64404.57', 'qty': '0.1', 'id': 247697979505379635, 'time': '1650329905175', 'mpid': 'SYMB', 'key': '6APMLSAWEXZPC0'}, {'side': 'B', 'act': 'U', 'src': 'CROX', 'price': '18596.93', 'qty': '0.1', 'id': 247697979505383727, 'time': '1650331666105', 'mpid': 'SYMB', 'key': '6APMLSAWF2XKC0'}, {'side': 'S', 'act': 'U', 'src': 'CROX', 'price': '64813.49', 'qty': '0.1', 'id': 247697979505379636, 'time': '1650329905175', 'mpid': 'SYMB', 'key': '6APMLSAWEXZQC0'}, {'side': 'B', 'act': 'U', 'src': 'CROX', 'price': '18188.2', 'qty': '0.1', 'id': 247697979505383728, 'time': '1650331666105', 'mpid': 'SYMB', 'key': '6APMLSAWF2XLC0'}, {'side': 'S', 'act': 'U', 'src': 'CROX', 'price': '65222.41', 'qty': '0.1', 'id': 247697979505379637, 'time': '1650329905175', 'mpid': 'SYMB', 'key': '6APMLSAWEXZRC0'}, {'side': 'B', 'act': 'U', 'src': 'CROX', 'price': '17779.48', 'qty': '0.1', 'id': 247697979505383729, 'time': '1650331666105', 'mpid': 'SYMB', 'key': '6APMLSAWF2XMC0'}, {'side': 'S', 'act': 'U', 'src': 'CROX', 'price': '65631.32', 'qty': '0.1', 'id': 247697979505379638, 'time': '1650329905175', 'mpid': 'SYMB', 'key': '6APMLSAWEXZSC0'}, {'side': 'B', 'act': 'U', 'src': 'CROX', 'price': '17370.76', 'qty': '0.1', 'id': 247697979505383730, 'time': '1650331666105', 'mpid': 'SYMB', 'key': '6APMLSAWF2XNC0'}, {'side': 'S', 'act': 'U', 'src': 'CROX', 'price': '66040.24', 'qty': '0.1', 'id': 247697979505379639, 'time': '1650329905175', 'mpid': 'SYMB', 'key': '6APMLSAWEXZTC0'}, {'side': 'B', 'act': 'U', 'src': 'CROX', 'price': '16962.03', 'qty': '0.1', 'id': 247697979505383731, 'time': '1650331666105', 'mpid': 'SYMB', 'key': '6APMLSAWF2XOC0'}, {'side': 'S', 'act': 'U', 'src': 'CROX', 'price': '66449.16', 'qty': '0.1', 'id': 247697979505379640, 'time': '1650329905175', 'mpid': 'SYMB', 'key': '6APMLSAWEXZUC0'}, {'side': 'B', 'act': 'U', 'src': 'CROX', 'price': '16553.31', 'qty': '0.1', 'id': 247697979505383732, 'time': '1650331666105', 'mpid': 'SYMB', 'key': '6APMLSAWF2XPC0'}, {'side': 'S', 'act': 'U', 'src': 'CROX', 'price': '66858.08', 'qty': '0.1', 'id': 247697979505379641, 'time': '1650329905175', 'mpid': 'SYMB', 'key': '6APMLSAWEXZVC0'}, {'side': 'B', 'act': 'U', 'src': 'CROX', 'price': '16144.59', 'qty': '0.1', 'id': 247697979505383733, 'time': '1650331666105', 'mpid': 'SYMB', 'key': '6APMLSAWF2XQC0'}, {'side': 'S', 'act': 'U', 'src': 'CROX', 'price': '67267', 'qty': '0.1', 'id': 247697979505379642, 'time': '1650329905175', 'mpid': 'SYMB', 'key': '6APMLSAWEXZWC0'}, {'side': 'B', 'act': 'U', 'src': 'CROX', 'price': '15735.86', 'qty': '0.1', 'id': 247697979505383734, 'time': '1650331666105', 'mpid': 'SYMB', 'key': '6APMLSAWF2XRC0'}, {'side': 'S', 'act': 'U', 'src': 'CROX', 'price': '67675.91', 'qty': '0.1', 'id': 247697979505379643, 'time': '1650329905175', 'mpid': 'SYMB', 'key': '6APMLSAWEXZXC0'}, {'side': 'B', 'act': 'U', 'src': 'CROX', 'price': '15327.14', 'qty': '0.1', 'id': 247697979505383735, 'time': '1650331666105', 'mpid': 'SYMB', 'key': '6APMLSAWF2XSC0'}, {'side': 'S', 'act': 'U', 'src': 'CROX', 'price': '68084.83', 'qty': '0.1', 'id': 247697979505379644, 'time': '1650329905175', 'mpid': 'SYMB', 'key': '6APMLSAWEXZYC0'}, {'side': 'B', 'act': 'U', 'src': 'CROX', 'price': '14918.41', 'qty': '0.1', 'id': 247697979505383736, 'time': '1650331666105', 'mpid': 'SYMB', 'key': '6APMLSAWF2XTC0'}, {'side': 'S', 'act': 'U', 'src': 'CROX', 'price': '68493.75', 'qty': '0.1', 'id': 247697979505379645, 'time': '1650329905175', 'mpid': 'SYMB', 'key': '6APMLSAWEXZZC0'}, {'side': 'B', 'act': 'U', 'src': 'CROX', 'price': '14509.69', 'qty': '0.1', 'id': 247697979505383737, 'time': '1650331666105', 'mpid': 'SYMB', 'key': '6APMLSAWF2XUC0'}, {'side': 'S', 'act': 'U', 'src': 'CROX', 'price': '68902.67', 'qty': '0.1', 'id': 247697979505379646, 'time': '1650329905175', 'mpid': 'SYMB', 'key': '6APMLSAWEY00C0'}, {'side': 'B', 'act': 'U', 'src': 'CROX', 'price': '14100.97', 'qty': '0.1', 'id': 247697979505383738, 'time': '1650331666105', 'mpid': 'SYMB', 'key': '6APMLSAWF2XVC0'}, {'side': 'S', 'act': 'U', 'src': 'CROX', 'price': '69311.59', 'qty': '0.1', 'id': 247697979505379647, 'time': '1650329905175', 'mpid': 'SYMB', 'key': '6APMLSAWEY01C0'}, {'side': 'B', 'act': 'U', 'src': 'CROX', 'price': '13692.24', 'qty': '0.1', 'id': 247697979505383739, 'time': '1650331666105', 'mpid': 'SYMB', 'key': '6APMLSAWF2XWC0'}, {'side': 'S', 'act': 'U', 'src': 'CROX', 'price': '69720.5', 'qty': '0.1', 'id': 247697979505379648, 'time': '1650329905175', 'mpid': 'SYMB', 'key': '6APMLSAWEY02C0'}, {'side': 'B', 'act': 'U', 'src': 'CROX', 'price': '13283.52', 'qty': '0.1', 'id': 247697979505383740, 'time': '1650331666105', 'mpid': 'SYMB', 'key': '6APMLSAWF2XXC0'}, {'side': 'S', 'act': 'U', 'src': 'CROX', 'price': '70129.42', 'qty': '0.1', 'id': 247697979505379649, 'time': '1650329905175', 'mpid': 'SYMB', 'key': '6APMLSAWEY03C0'}, {'side': 'B', 'act': 'U', 'src': 'CROX', 'price': '12874.8', 'qty': '0.1', 'id': 247697979505383741, 'time': '1650331666105', 'mpid': 'SYMB', 'key': '6APMLSAWF2XYC0'}, {'side': 'S', 'act': 'U', 'src': 'CROX', 'price': '70538.34', 'qty': '0.1', 'id': 247697979505379650, 'time': '1650329905175', 'mpid': 'SYMB', 'key': '6APMLSAWEY04C0'}, {'side': 'B', 'act': 'U', 'src': 'CROX', 'price': '12466.07', 'qty': '0.1', 'id': 247697979505383742, 'time': '1650331666105', 'mpid': 'SYMB', 'key': '6APMLSAWF2XZC0'}, {'side': 'S', 'act': 'U', 'src': 'CROX', 'price': '70947.26', 'qty': '0.1', 'id': 247697979505379651, 'time': '1650329905175', 'mpid': 'SYMB', 'key': '6APMLSAWEY05C0'}, {'side': 'B', 'act': 'U', 'src': 'CROX', 'price': '12057.35', 'qty': '0.1', 'id': 247697979505383743, 'time': '1650331666105', 'mpid': 'SYMB', 'key': '6APMLSAWF2Y0C0'}, {'side': 'S', 'act': 'U', 'src': 'CROX', 'price': '71356.18', 'qty': '0.1', 'id': 247697979505379652, 'time': '1650329905175', 'mpid': 'SYMB', 'key': '6APMLSAWEY06C0'}, {'side': 'B', 'act': 'U', 'src': 'CROX', 'price': '11648.62', 'qty': '0.1', 'id': 247697979505383744, 'time': '1650331666105', 'mpid': 'SYMB', 'key': '6APMLSAWF2Y1C0'}, {'side': 'S', 'act': 'U', 'src': 'CROX', 'price': '71765.09', 'qty': '0.1', 'id': 247697979505379653, 'time': '1650329905175', 'mpid': 'SYMB', 'key': '6APMLSAWEY07C0'}, {'side': 'B', 'act': 'U', 'src': 'CROX', 'price': '11239.9', 'qty': '0.1', 'id': 247697979505383745, 'time': '1650331666105', 'mpid': 'SYMB', 'key': '6APMLSAWF2Y2C0'}, {'side': 'S', 'act': 'U', 'src': 'CROX', 'price': '72174.01', 'qty': '0.1', 'id': 247697979505379654, 'time': '1650329905175', 'mpid': 'SYMB', 'key': '6APMLSAWEY08C0'}, {'side': 'B', 'act': 'U', 'src': 'CROX', 'price': '10831.18', 'qty': '0.1', 'id': 247697979505383746, 'time': '1650331666106', 'mpid': 'SYMB', 'key': '6APMLSAWF2Y3C0'}, {'side': 'S', 'act': 'U', 'src': 'CROX', 'price': '72582.93', 'qty': '0.1', 'id': 247697979505379655, 'time': '1650329905175', 'mpid': 'SYMB', 'key': '6APMLSAWEY09C0'}, {'side': 'B', 'act': 'U', 'src': 'CROX', 'price': '10422.45', 'qty': '0.1', 'id': 247697979505383747, 'time': '1650331666106', 'mpid': 'SYMB', 'key': '6APMLSAWF2Y4C0'}, {'side': 'S', 'act': 'U', 'src': 'CROX', 'price': '72991.85', 'qty': '0.1', 'id': 247697979505379656, 'time': '1650329905175', 'mpid': 'SYMB', 'key': '6APMLSAWEY0AC0'}, {'side': 'B', 'act': 'U', 'src': 'CROX', 'price': '10013.73', 'qty': '0.1', 'id': 247697979505383748, 'time': '1650331666106', 'mpid': 'SYMB', 'key': '6APMLSAWF2Y5C0'}, {'side': 'S', 'act': 'U', 'src': 'CROX', 'price': '73400.77', 'qty': '0.1', 'id': 247697979505379657, 'time': '1650329905175', 'mpid': 'SYMB', 'key': '6APMLSAWEY0BC0'}, {'side': 'B', 'act': 'U', 'src': 'CROX', 'price': '9605', 'qty': '0.1', 'id': 247697979505383749, 'time': '1650331666106', 'mpid': 'SYMB', 'key': '6APMLSAWF2Y6C0'}, {'side': 'S', 'act': 'U', 'src': 'CROX', 'price': '73809.68', 'qty': '0.1', 'id': 247697979505379658, 'time': '1650329905175', 'mpid': 'SYMB', 'key': '6APMLSAWEY0CC0'}, {'side': 'B', 'act': 'U', 'src': 'CROX', 'price': '9196.28', 'qty': '0.1', 'id': 247697979505383750, 'time': '1650331666106', 'mpid': 'SYMB', 'key': '6APMLSAWF2Y7C0'}, {'side': 'S', 'act': 'U', 'src': 'CROX', 'price': '74218.6', 'qty': '0.1', 'id': 247697979505379659, 'time': '1650329905175', 'mpid': 'SYMB', 'key': '6APMLSAWEY0DC0'}, {'side': 'B', 'act': 'U', 'src': 'CROX', 'price': '8787.56', 'qty': '0.1', 'id': 247697979505383751, 'time': '1650331666106', 'mpid': 'SYMB', 'key': '6APMLSAWF2Y8C0'}, {'side': 'S', 'act': 'U', 'src': 'CROX', 'price': '74627.52', 'qty': '0.1', 'id': 247697979505379660, 'time': '1650329905175', 'mpid': 'SYMB', 'key': '6APMLSAWEY0EC0'}, {'side': 'B', 'act': 'U', 'src': 'CROX', 'price': '8378.83', 'qty': '0.1', 'id': 247697979505383752, 'time': '1650331666106', 'mpid': 'SYMB', 'key': '6APMLSAWF2Y9C0'}, {'side': 'S', 'act': 'U', 'src': 'CROX', 'price': '75036.44', 'qty': '0.1', 'id': 247697979505379661, 'time': '1650329905175', 'mpid': 'SYMB', 'key': '6APMLSAWEY0FC0'}, {'side': 'B', 'act': 'U', 'src': 'CROX', 'price': '7970.11', 'qty': '0.1', 'id': 247697979505383753, 'time': '1650331666106', 'mpid': 'SYMB', 'key': '6APMLSAWF2YAC0'}, {'side': 'S', 'act': 'U', 'src': 'CROX', 'price': '75445.36', 'qty': '0.1', 'id': 247697979505379662, 'time': '1650329905175', 'mpid': 'SYMB', 'key': '6APMLSAWEY0GC0'}, {'side': 'B', 'act': 'U', 'src': 'CROX', 'price': '7561.39', 'qty': '0.1', 'id': 247697979505383754, 'time': '1650331666106', 'mpid': 'SYMB', 'key': '6APMLSAWF2YBC0'}, {'side': 'S', 'act': 'U', 'src': 'CROX', 'price': '75854.27', 'qty': '0.1', 'id': 247697979505379663, 'time': '1650329905175', 'mpid': 'SYMB', 'key': '6APMLSAWEY0HC0'}, {'side': 'B', 'act': 'U', 'src': 'CROX', 'price': '7152.66', 'qty': '0.1', 'id': 247697979505383755, 'time': '1650331666106', 'mpid': 'SYMB', 'key': '6APMLSAWF2YCC0'}, {'side': 'S', 'act': 'U', 'src': 'CROX', 'price': '76263.19', 'qty': '0.1', 'id': 247697979505379664, 'time': '1650329905175', 'mpid': 'SYMB', 'key': '6APMLSAWEY0IC0'}, {'side': 'B', 'act': 'U', 'src': 'CROX', 'price': '6743.94', 'qty': '0.1', 'id': 247697979505383756, 'time': '1650331666106', 'mpid': 'SYMB', 'key': '6APMLSAWF2YDC0'}, {'side': 'S', 'act': 'U', 'src': 'CROX', 'price': '76672.11', 'qty': '0.1', 'id': 247697979505379665, 'time': '1650329905176', 'mpid': 'SYMB', 'key': '6APMLSAWEY0JC0'}, {'side': 'B', 'act': 'U', 'src': 'CROX', 'price': '6335.21', 'qty': '0.1', 'id': 247697979505383757, 'time': '1650331666106', 'mpid': 'SYMB', 'key': '6APMLSAWF2YEC0'}, {'side': 'S', 'act': 'U', 'src': 'CROX', 'price': '77081.03', 'qty': '0.1', 'id': 247697979505379666, 'time': '1650329905176', 'mpid': 'SYMB', 'key': '6APMLSAWEY0KC0'}, {'side': 'B', 'act': 'U', 'src': 'CROX', 'price': '5926.49', 'qty': '0.1', 'id': 247697979505383758, 'time': '1650331666106', 'mpid': 'SYMB', 'key': '6APMLSAWF2YFC0'}, {'side': 'S', 'act': 'U', 'src': 'CROX', 'price': '77489.95', 'qty': '0.1', 'id': 247697979505379667, 'time': '1650329905176', 'mpid': 'SYMB', 'key': '6APMLSAWEY0LC0'}, {'side': 'B', 'act': 'U', 'src': 'CROX', 'price': '5517.77', 'qty': '0.1', 'id': 247697979505383759, 'time': '1650331666106', 'mpid': 'SYMB', 'key': '6APMLSAWF2YGC0'}, {'side': 'S', 'act': 'U', 'src': 'CROX', 'price': '77898.86', 'qty': '0.1', 'id': 247697979505379668, 'time': '1650329905176', 'mpid': 'SYMB', 'key': '6APMLSAWEY0MC0'}, {'side': 'B', 'act': 'U', 'src': 'CROX', 'price': '5109.04', 'qty': '0.1', 'id': 247697979505383760, 'time': '1650331666106', 'mpid': 'SYMB', 'key': '6APMLSAWF2YHC0'}, {'side': 'S', 'act': 'U', 'src': 'CROX', 'price': '78307.78', 'qty': '0.1', 'id': 247697979505379669, 'time': '1650329905237', 'mpid': 'SYMB', 'key': '6APMLSAWEY0NC0'}, {'side': 'B', 'act': 'U', 'src': 'CROX', 'price': '4700.32', 'qty': '0.1', 'id': 247697979505383761, 'time': '1650331666106', 'mpid': 'SYMB', 'key': '6APMLSAWF2YIC0'}, {'side': 'S', 'act': 'U', 'src': 'CROX', 'price': '78716.7', 'qty': '0.1', 'id': 247697979505379670, 'time': '1650329905237', 'mpid': 'SYMB', 'key': '6APMLSAWEY0OC0'}, {'side': 'B', 'act': 'U', 'src': 'CROX', 'price': '4291.6', 'qty': '0.1', 'id': 247697979505383762, 'time': '1650331666106', 'mpid': 'SYMB', 'key': '6APMLSAWF2YJC0'}, {'side': 'S', 'act': 'U', 'src': 'CROX', 'price': '79125.62', 'qty': '0.1', 'id': 247697979505379671, 'time': '1650329905237', 'mpid': 'SYMB', 'key': '6APMLSAWEY0PC0'}, {'side': 'B', 'act': 'U', 'src': 'CROX', 'price': '3882.87', 'qty': '0.1', 'id': 247697979505383763, 'time': '1650331666106', 'mpid': 'SYMB', 'key': '6APMLSAWF2YKC0'}, {'side': 'S', 'act': 'U', 'src': 'CROX', 'price': '79534.53', 'qty': '0.1', 'id': 247697979505379672, 'time': '1650329905237', 'mpid': 'SYMB', 'key': '6APMLSAWEY0QC0'}, {'side': 'B', 'act': 'U', 'src': 'CROX', 'price': '3474.15', 'qty': '0.1', 'id': 247697979505383764, 'time': '1650331666106', 'mpid': 'SYMB', 'key': '6APMLSAWF2YLC0'}, {'side': 'S', 'act': 'U', 'src': 'CROX', 'price': '79943.45', 'qty': '0.1', 'id': 247697979505379673, 'time': '1650329905237', 'mpid': 'SYMB', 'key': '6APMLSAWEY0RC0'}, {'side': 'B', 'act': 'U', 'src': 'CROX', 'price': '3065.42', 'qty': '0.1', 'id': 247697979505383765, 'time': '1650331666106', 'mpid': 'SYMB', 'key': '6APMLSAWF2YMC0'}, {'side': 'S', 'act': 'U', 'src': 'CROX', 'price': '80352.37', 'qty': '0.1', 'id': 247697979505379674, 'time': '1650329905237', 'mpid': 'SYMB', 'key': '6APMLSAWEY0SC0'}, {'side': 'B', 'act': 'U', 'src': 'CROX', 'price': '2656.7', 'qty': '0.1', 'id': 247697979505383766, 'time': '1650331666106', 'mpid': 'SYMB', 'key': '6APMLSAWF2YNC0'}, {'side': 'S', 'act': 'U', 'src': 'CROX', 'price': '80761.29', 'qty': '0.1', 'id': 247697979505379675, 'time': '1650329905238', 'mpid': 'SYMB', 'key': '6APMLSAWEY0TC0'}, {'side': 'B', 'act': 'U', 'src': 'CROX', 'price': '2247.98', 'qty': '0.1', 'id': 247697979505383767, 'time': '1650331666106', 'mpid': 'SYMB', 'key': '6APMLSAWF2YOC0'}, {'side': 'S', 'act': 'U', 'src': 'CROX', 'price': '81170.21', 'qty': '0.1', 'id': 247697979505379676, 'time': '1650329905238', 'mpid': 'SYMB', 'key': '6APMLSAWEY0UC0'}, {'side': 'B', 'act': 'U', 'src': 'CROX', 'price': '1839.25', 'qty': '0.1', 'id': 247697979505383768, 'time': '1650331666106', 'mpid': 'SYMB', 'key': '6APMLSAWF2YPC0'}, {'side': 'S', 'act': 'U', 'src': 'CROX', 'price': '81579.12', 'qty': '0.1', 'id': 247697979505379677, 'time': '1650329905238', 'mpid': 'SYMB', 'key': '6APMLSAWEY0VC0'}, {'side': 'B', 'act': 'U', 'src': 'CROX', 'price': '1430.53', 'qty': '0.1', 'id': 247697979505383769, 'time': '1650331666107', 'mpid': 'SYMB', 'key': '6APMLSAWF2YQC0'}, {'side': 'B', 'act': 'U', 'src': 'CROX', 'price': '1021.8', 'qty': '0.1', 'id': 247697979505383770, 'time': '1650331666107', 'mpid': 'SYMB', 'key': '6APMLSAWF2YRC0'}, {'side': 'B', 'act': 'U', 'src': 'CROX', 'price': '613.08', 'qty': '0.1', 'id': 247697979505383771, 'time': '1650331666107', 'mpid': 'SYMB', 'key': '6APMLSAWF2YSC0'}, {'side': 'B', 'act': 'U', 'src': 'CROX', 'price': '204.36', 'qty': '0.1', 'id': 247697979505383772, 'time': '1650331666107', 'mpid': 'SYMB', 'key': '6APMLSAWF2YTC0'}, {'side': 'S', 'act': 'U', 'src': 'CROX', 'price': '41894.19', 'qty': '0.1', 'id': 247697979505383775, 'time': '1650331666170', 'mpid': 'SYMB', 'key': '6APMLSAWF2YWC0'}, {'side': 'S', 'act': 'U', 'src': 'CROX', 'price': '42302.91', 'qty': '0.1', 'id': 247697979505383776, 'time': '1650331666170', 'mpid': 'SYMB', 'key': '6APMLSAWF2YXC0'}, {'side': 'S', 'act': 'U', 'src': 'CROX', 'price': '42711.63', 'qty': '0.1', 'id': 247697979505383777, 'time': '1650331666170', 'mpid': 'SYMB', 'key': '6APMLSAWF2YYC0'}, {'side': 'S', 'act': 'U', 'src': 'CROX', 'price': '43120.36', 'qty': '0.1', 'id': 247697979505383778, 'time': '1650331666170', 'mpid': 'SYMB', 'key': '6APMLSAWF2YZC0'}, {'side': 'S', 'act': 'U', 'src': 'CROX', 'price': '43529.08', 'qty': '0.1', 'id': 247697979505383779, 'time': '1650331666170', 'mpid': 'SYMB', 'key': '6APMLSAWF2Z0C0'}, {'side': 'S', 'act': 'U', 'src': 'CROX', 'price': '43937.8', 'qty': '0.1', 'id': 247697979505383780, 'time': '1650331666170', 'mpid': 'SYMB', 'key': '6APMLSAWF2Z1C0'}, {'side': 'S', 'act': 'U', 'src': 'CROX', 'price': '44346.53', 'qty': '0.1', 'id': 247697979505383781, 'time': '1650331666170', 'mpid': 'SYMB', 'key': '6APMLSAWF2Z2C0'}, {'side': 'S', 'act': 'U', 'src': 'CROX', 'price': '44755.25', 'qty': '0.1', 'id': 247697979505383782, 'time': '1650331666170', 'mpid': 'SYMB', 'key': '6APMLSAWF2Z3C0'}, {'side': 'S', 'act': 'U', 'src': 'CROX', 'price': '45163.98', 'qty': '0.1', 'id': 247697979505383783, 'time': '1650331666170', 'mpid': 'SYMB', 'key': '6APMLSAWF2Z4C0'}, {'side': 'S', 'act': 'U', 'src': 'CROX', 'price': '45572.7', 'qty': '0.1', 'id': 247697979505383784, 'time': '1650331666170', 'mpid': 'SYMB', 'key': '6APMLSAWF2Z5C0'}, {'side': 'S', 'act': 'U', 'src': 'CROX', 'price': '45981.42', 'qty': '0.1', 'id': 247697979505383785, 'time': '1650331666170', 'mpid': 'SYMB', 'key': '6APMLSAWF2Z6C0'}, {'side': 'S', 'act': 'U', 'src': 'CROX', 'price': '46390.15', 'qty': '0.1', 'id': 247697979505383786, 'time': '1650331666170', 'mpid': 'SYMB', 'key': '6APMLSAWF2Z7C0'}, {'side': 'S', 'act': 'U', 'src': 'CROX', 'price': '46798.87', 'qty': '0.1', 'id': 247697979505383787, 'time': '1650331666171', 'mpid': 'SYMB', 'key': '6APMLSAWF2Z8C0'}, {'side': 'S', 'act': 'U', 'src': 'CROX', 'price': '47207.6', 'qty': '0.1', 'id': 247697979505383788, 'time': '1650331666171', 'mpid': 'SYMB', 'key': '6APMLSAWF2Z9C0'}, {'side': 'S', 'act': 'U', 'src': 'CROX', 'price': '47616.32', 'qty': '0.1', 'id': 247697979505383789, 'time': '1650331666171', 'mpid': 'SYMB', 'key': '6APMLSAWF2ZAC0'}, {'side': 'S', 'act': 'U', 'src': 'CROX', 'price': '48025.04', 'qty': '0.1', 'id': 247697979505383790, 'time': '1650331666171', 'mpid': 'SYMB', 'key': '6APMLSAWF2ZBC0'}, {'side': 'S', 'act': 'U', 'src': 'CROX', 'price': '48433.77', 'qty': '0.1', 'id': 247697979505383791, 'time': '1650331666171', 'mpid': 'SYMB', 'key': '6APMLSAWF2ZCC0'}, {'side': 'S', 'act': 'U', 'src': 'CROX', 'price': '48842.49', 'qty': '0.1', 'id': 247697979505383792, 'time': '1650331666171', 'mpid': 'SYMB', 'key': '6APMLSAWF2ZDC0'}, {'side': 'S', 'act': 'U', 'src': 'CROX', 'price': '49251.21', 'qty': '0.1', 'id': 247697979505383793, 'time': '1650331666171', 'mpid': 'SYMB', 'key': '6APMLSAWF2ZEC0'}, {'side': 'S', 'act': 'U', 'src': 'CROX', 'price': '49659.94', 'qty': '0.1', 'id': 247697979505383794, 'time': '1650331666171', 'mpid': 'SYMB', 'key': '6APMLSAWF2ZFC0'}, {'side': 'S', 'act': 'U', 'src': 'CROX', 'price': '50068.66', 'qty': '0.1', 'id': 247697979505383795, 'time': '1650331666171', 'mpid': 'SYMB', 'key': '6APMLSAWF2ZGC0'}, {'side': 'S', 'act': 'U', 'src': 'CROX', 'price': '50477.39', 'qty': '0.1', 'id': 247697979505383796, 'time': '1650331666171', 'mpid': 'SYMB', 'key': '6APMLSAWF2ZHC0'}, {'side': 'S', 'act': 'U', 'src': 'CROX', 'price': '50886.11', 'qty': '0.1', 'id': 247697979505383797, 'time': '1650331666171', 'mpid': 'SYMB', 'key': '6APMLSAWF2ZIC0'}, {'side': 'S', 'act': 'U', 'src': 'CROX', 'price': '51294.83', 'qty': '0.1', 'id': 247697979505383798, 'time': '1650331666171', 'mpid': 'SYMB', 'key': '6APMLSAWF2ZJC0'}, {'side': 'S', 'act': 'U', 'src': 'CROX', 'price': '51703.56', 'qty': '0.1', 'id': 247697979505383799, 'time': '1650331666171', 'mpid': 'SYMB', 'key': '6APMLSAWF2ZKC0'}, {'side': 'S', 'act': 'U', 'src': 'CROX', 'price': '52112.28', 'qty': '0.1', 'id': 247697979505383800, 'time': '1650331666171', 'mpid': 'SYMB', 'key': '6APMLSAWF2ZLC0'}, {'side': 'S', 'act': 'U', 'src': 'CROX', 'price': '52521', 'qty': '0.1', 'id': 247697979505383801, 'time': '1650331666171', 'mpid': 'SYMB', 'key': '6APMLSAWF2ZMC0'}, {'side': 'S', 'act': 'U', 'src': 'CROX', 'price': '52929.73', 'qty': '0.1', 'id': 247697979505383802, 'time': '1650331666171', 'mpid': 'SYMB', 'key': '6APMLSAWF2ZNC0'}, {'side': 'S', 'act': 'U', 'src': 'CROX', 'price': '53338.45', 'qty': '0.1', 'id': 247697979505383803, 'time': '1650331666171', 'mpid': 'SYMB', 'key': '6APMLSAWF2ZOC0'}, {'side': 'S', 'act': 'U', 'src': 'CROX', 'price': '53747.18', 'qty': '0.1', 'id': 247697979505383804, 'time': '1650331666171', 'mpid': 'SYMB', 'key': '6APMLSAWF2ZPC0'}, {'side': 'S', 'act': 'U', 'src': 'CROX', 'price': '54155.9', 'qty': '0.1', 'id': 247697979505383805, 'time': '1650331666171', 'mpid': 'SYMB', 'key': '6APMLSAWF2ZQC0'}, {'side': 'S', 'act': 'U', 'src': 'CROX', 'price': '54564.62', 'qty': '0.1', 'id': 247697979505383806, 'time': '1650331666171', 'mpid': 'SYMB', 'key': '6APMLSAWF2ZRC0'}, {'side': 'S', 'act': 'U', 'src': 'CROX', 'price': '54973.35', 'qty': '0.1', 'id': 247697979505383807, 'time': '1650331666171', 'mpid': 'SYMB', 'key': '6APMLSAWF2ZSC0'}, {'side': 'S', 'act': 'U', 'src': 'CROX', 'price': '55382.07', 'qty': '0.1', 'id': 247697979505383808, 'time': '1650331666171', 'mpid': 'SYMB', 'key': '6APMLSAWF2ZTC0'}, {'side': 'S', 'act': 'U', 'src': 'CROX', 'price': '55790.8', 'qty': '0.1', 'id': 247697979505383809, 'time': '1650331666171', 'mpid': 'SYMB', 'key': '6APMLSAWF2ZUC0'}, {'side': 'S', 'act': 'U', 'src': 'CROX', 'price': '56199.52', 'qty': '0.1', 'id': 247697979505383810, 'time': '1650331666171', 'mpid': 'SYMB', 'key': '6APMLSAWF2ZVC0'}, {'side': 'S', 'act': 'U', 'src': 'CROX', 'price': '56608.24', 'qty': '0.1', 'id': 247697979505383811, 'time': '1650331666171', 'mpid': 'SYMB', 'key': '6APMLSAWF2ZWC0'}, {'side': 'S', 'act': 'U', 'src': 'CROX', 'price': '57016.97', 'qty': '0.1', 'id': 247697979505383812, 'time': '1650331666172', 'mpid': 'SYMB', 'key': '6APMLSAWF2ZXC0'}, {'side': 'S', 'act': 'U', 'src': 'CROX', 'price': '57425.69', 'qty': '0.1', 'id': 247697979505383813, 'time': '1650331666172', 'mpid': 'SYMB', 'key': '6APMLSAWF2ZYC0'}, {'side': 'S', 'act': 'U', 'src': 'CROX', 'price': '57834.41', 'qty': '0.1', 'id': 247697979505383814, 'time': '1650331666172', 'mpid': 'SYMB', 'key': '6APMLSAWF2ZZC0'}, {'side': 'S', 'act': 'U', 'src': 'CROX', 'price': '58243.14', 'qty': '0.1', 'id': 247697979505383815, 'time': '1650331666172', 'mpid': 'SYMB', 'key': '6APMLSAWF300C0'}, {'side': 'S', 'act': 'U', 'src': 'CROX', 'price': '58651.86', 'qty': '0.1', 'id': 247697979505383816, 'time': '1650331666172', 'mpid': 'SYMB', 'key': '6APMLSAWF301C0'}, {'side': 'S', 'act': 'U', 'src': 'CROX', 'price': '59060.59', 'qty': '0.1', 'id': 247697979505383817, 'time': '1650331666172', 'mpid': 'SYMB', 'key': '6APMLSAWF302C0'}, {'side': 'S', 'act': 'U', 'src': 'CROX', 'price': '59469.31', 'qty': '0.1', 'id': 247697979505383818, 'time': '1650331666172', 'mpid': 'SYMB', 'key': '6APMLSAWF303C0'}, {'side': 'S', 'act': 'U', 'src': 'CROX', 'price': '59878.03', 'qty': '0.1', 'id': 247697979505383819, 'time': '1650331666172', 'mpid': 'SYMB', 'key': '6APMLSAWF304C0'}, {'side': 'S', 'act': 'U', 'src': 'CROX', 'price': '60286.76', 'qty': '0.1', 'id': 247697979505383820, 'time': '1650331666172', 'mpid': 'SYMB', 'key': '6APMLSAWF305C0'}, {'side': 'S', 'act': 'U', 'src': 'CROX', 'price': '60695.48', 'qty': '0.1', 'id': 247697979505383821, 'time': '1650331666172', 'mpid': 'SYMB', 'key': '6APMLSAWF306C0'}, {'side': 'S', 'act': 'U', 'src': 'CROX', 'price': '61104.2', 'qty': '0.1', 'id': 247697979505383822, 'time': '1650331666172', 'mpid': 'SYMB', 'key': '6APMLSAWF307C0'}, {'side': 'S', 'act': 'U', 'src': 'CROX', 'price': '61512.93', 'qty': '0.1', 'id': 247697979505383823, 'time': '1650331666172', 'mpid': 'SYMB', 'key': '6APMLSAWF308C0'}, {'side': 'S', 'act': 'U', 'src': 'CROX', 'price': '61921.65', 'qty': '0.1', 'id': 247697979505383824, 'time': '1650331666172', 'mpid': 'SYMB', 'key': '6APMLSAWF309C0'}, {'side': 'S', 'act': 'U', 'src': 'CROX', 'price': '62330.38', 'qty': '0.1', 'id': 247697979505383825, 'time': '1650331666172', 'mpid': 'SYMB', 'key': '6APMLSAWF30AC0'}, {'side': 'S', 'act': 'U', 'src': 'CROX', 'price': '62739.1', 'qty': '0.1', 'id': 247697979505383826, 'time': '1650331666172', 'mpid': 'SYMB', 'key': '6APMLSAWF30BC0'}, {'side': 'S', 'act': 'U', 'src': 'CROX', 'price': '63147.82', 'qty': '0.1', 'id': 247697979505383827, 'time': '1650331666172', 'mpid': 'SYMB', 'key': '6APMLSAWF30CC0'}, {'side': 'S', 'act': 'U', 'src': 'CROX', 'price': '63556.55', 'qty': '0.1', 'id': 247697979505383828, 'time': '1650331666172', 'mpid': 'SYMB', 'key': '6APMLSAWF30DC0'}, {'side': 'S', 'act': 'U', 'src': 'CROX', 'price': '63965.27', 'qty': '0.1', 'id': 247697979505383829, 'time': '1650331666172', 'mpid': 'SYMB', 'key': '6APMLSAWF30EC0'}, {'side': 'S', 'act': 'U', 'src': 'CROX', 'price': '64374', 'qty': '0.1', 'id': 247697979505383830, 'time': '1650331666172', 'mpid': 'SYMB', 'key': '6APMLSAWF30FC0'}, {'side': 'S', 'act': 'U', 'src': 'CROX', 'price': '64782.72', 'qty': '0.1', 'id': 247697979505383831, 'time': '1650331666172', 'mpid': 'SYMB', 'key': '6APMLSAWF30GC0'}, {'side': 'S', 'act': 'U', 'src': 'CROX', 'price': '65191.44', 'qty': '0.1', 'id': 247697979505383832, 'time': '1650331666172', 'mpid': 'SYMB', 'key': '6APMLSAWF30HC0'}, {'side': 'S', 'act': 'U', 'src': 'CROX', 'price': '65600.17', 'qty': '0.1', 'id': 247697979505383833, 'time': '1650331666172', 'mpid': 'SYMB', 'key': '6APMLSAWF30IC0'}, {'side': 'S', 'act': 'U', 'src': 'CROX', 'price': '66008.89', 'qty': '0.1', 'id': 247697979505383834, 'time': '1650331666172', 'mpid': 'SYMB', 'key': '6APMLSAWF30JC0'}, {'side': 'S', 'act': 'U', 'src': 'CROX', 'price': '66417.61', 'qty': '0.1', 'id': 247697979505383835, 'time': '1650331666173', 'mpid': 'SYMB', 'key': '6APMLSAWF30KC0'}, {'side': 'S', 'act': 'U', 'src': 'CROX', 'price': '66826.34', 'qty': '0.1', 'id': 247697979505383836, 'time': '1650331666173', 'mpid': 'SYMB', 'key': '6APMLSAWF30LC0'}, {'side': 'S', 'act': 'U', 'src': 'CROX', 'price': '67235.06', 'qty': '0.1', 'id': 247697979505383837, 'time': '1650331666173', 'mpid': 'SYMB', 'key': '6APMLSAWF30MC0'}, {'side': 'S', 'act': 'U', 'src': 'CROX', 'price': '67643.79', 'qty': '0.1', 'id': 247697979505383838, 'time': '1650331666173', 'mpid': 'SYMB', 'key': '6APMLSAWF30NC0'}, {'side': 'S', 'act': 'U', 'src': 'CROX', 'price': '68052.51', 'qty': '0.1', 'id': 247697979505383839, 'time': '1650331666173', 'mpid': 'SYMB', 'key': '6APMLSAWF30OC0'}, {'side': 'S', 'act': 'U', 'src': 'CROX', 'price': '68461.23', 'qty': '0.1', 'id': 247697979505383840, 'time': '1650331666173', 'mpid': 'SYMB', 'key': '6APMLSAWF30PC0'}, {'side': 'S', 'act': 'U', 'src': 'CROX', 'price': '68869.96', 'qty': '0.1', 'id': 247697979505383841, 'time': '1650331666173', 'mpid': 'SYMB', 'key': '6APMLSAWF30QC0'}, {'side': 'S', 'act': 'U', 'src': 'CROX', 'price': '69278.68', 'qty': '0.1', 'id': 247697979505383842, 'time': '1650331666173', 'mpid': 'SYMB', 'key': '6APMLSAWF30RC0'}, {'side': 'S', 'act': 'U', 'src': 'CROX', 'price': '69687.4', 'qty': '0.1', 'id': 247697979505383843, 'time': '1650331666173', 'mpid': 'SYMB', 'key': '6APMLSAWF30SC0'}, {'side': 'S', 'act': 'U', 'src': 'CROX', 'price': '70096.13', 'qty': '0.1', 'id': 247697979505383844, 'time': '1650331666173', 'mpid': 'SYMB', 'key': '6APMLSAWF30TC0'}, {'side': 'S', 'act': 'U', 'src': 'CROX', 'price': '70504.85', 'qty': '0.1', 'id': 247697979505383845, 'time': '1650331666173', 'mpid': 'SYMB', 'key': '6APMLSAWF30UC0'}, {'side': 'S', 'act': 'U', 'src': 'CROX', 'price': '70913.58', 'qty': '0.1', 'id': 247697979505383846, 'time': '1650331666173', 'mpid': 'SYMB', 'key': '6APMLSAWF30VC0'}, {'side': 'S', 'act': 'U', 'src': 'CROX', 'price': '71322.3', 'qty': '0.1', 'id': 247697979505383847, 'time': '1650331666173', 'mpid': 'SYMB', 'key': '6APMLSAWF30WC0'}, {'side': 'S', 'act': 'U', 'src': 'CROX', 'price': '71731.02', 'qty': '0.1', 'id': 247697979505383848, 'time': '1650331666173', 'mpid': 'SYMB', 'key': '6APMLSAWF30XC0'}, {'side': 'S', 'act': 'U', 'src': 'CROX', 'price': '72139.75', 'qty': '0.1', 'id': 247697979505383849, 'time': '1650331666173', 'mpid': 'SYMB', 'key': '6APMLSAWF30YC0'}, {'side': 'S', 'act': 'U', 'src': 'CROX', 'price': '72548.47', 'qty': '0.1', 'id': 247697979505383850, 'time': '1650331666173', 'mpid': 'SYMB', 'key': '6APMLSAWF30ZC0'}, {'side': 'S', 'act': 'U', 'src': 'CROX', 'price': '72957.2', 'qty': '0.1', 'id': 247697979505383851, 'time': '1650331666173', 'mpid': 'SYMB', 'key': '6APMLSAWF310C0'}, {'side': 'S', 'act': 'U', 'src': 'CROX', 'price': '73365.92', 'qty': '0.1', 'id': 247697979505383852, 'time': '1650331666173', 'mpid': 'SYMB', 'key': '6APMLSAWF311C0'}, {'side': 'S', 'act': 'U', 'src': 'CROX', 'price': '73774.64', 'qty': '0.1', 'id': 247697979505383853, 'time': '1650331666173', 'mpid': 'SYMB', 'key': '6APMLSAWF312C0'}, {'side': 'S', 'act': 'U', 'src': 'CROX', 'price': '74183.37', 'qty': '0.1', 'id': 247697979505383854, 'time': '1650331666173', 'mpid': 'SYMB', 'key': '6APMLSAWF313C0'}, {'side': 'S', 'act': 'U', 'src': 'CROX', 'price': '74592.09', 'qty': '0.1', 'id': 247697979505383855, 'time': '1650331666173', 'mpid': 'SYMB', 'key': '6APMLSAWF314C0'}, {'side': 'S', 'act': 'U', 'src': 'CROX', 'price': '75000.81', 'qty': '0.1', 'id': 247697979505383856, 'time': '1650331666173', 'mpid': 'SYMB', 'key': '6APMLSAWF315C0'}, {'side': 'S', 'act': 'U', 'src': 'CROX', 'price': '75409.54', 'qty': '0.1', 'id': 247697979505383857, 'time': '1650331666173', 'mpid': 'SYMB', 'key': '6APMLSAWF316C0'}, {'side': 'S', 'act': 'U', 'src': 'CROX', 'price': '75818.26', 'qty': '0.1', 'id': 247697979505383858, 'time': '1650331666173', 'mpid': 'SYMB', 'key': '6APMLSAWF317C0'}, {'side': 'S', 'act': 'U', 'src': 'CROX', 'price': '76226.99', 'qty': '0.1', 'id': 247697979505383859, 'time': '1650331666174', 'mpid': 'SYMB', 'key': '6APMLSAWF318C0'}, {'side': 'S', 'act': 'U', 'src': 'CROX', 'price': '76635.71', 'qty': '0.1', 'id': 247697979505383860, 'time': '1650331666174', 'mpid': 'SYMB', 'key': '6APMLSAWF319C0'}, {'side': 'S', 'act': 'U', 'src': 'CROX', 'price': '77044.43', 'qty': '0.1', 'id': 247697979505383861, 'time': '1650331666174', 'mpid': 'SYMB', 'key': '6APMLSAWF31AC0'}, {'side': 'S', 'act': 'U', 'src': 'CROX', 'price': '77453.16', 'qty': '0.1', 'id': 247697979505383862, 'time': '1650331666174', 'mpid': 'SYMB', 'key': '6APMLSAWF31BC0'}, {'side': 'S', 'act': 'U', 'src': 'CROX', 'price': '77861.88', 'qty': '0.1', 'id': 247697979505383863, 'time': '1650331666174', 'mpid': 'SYMB', 'key': '6APMLSAWF31CC0'}, {'side': 'S', 'act': 'U', 'src': 'CROX', 'price': '78270.6', 'qty': '0.1', 'id': 247697979505383864, 'time': '1650331666236', 'mpid': 'SYMB', 'key': '6APMLSAWF31DC0'}, {'side': 'S', 'act': 'U', 'src': 'CROX', 'price': '78679.33', 'qty': '0.1', 'id': 247697979505383865, 'time': '1650331666236', 'mpid': 'SYMB', 'key': '6APMLSAWF31EC0'}, {'side': 'S', 'act': 'U', 'src': 'CROX', 'price': '79088.05', 'qty': '0.1', 'id': 247697979505383866, 'time': '1650331666236', 'mpid': 'SYMB', 'key': '6APMLSAWF31FC0'}, {'side': 'S', 'act': 'U', 'src': 'CROX', 'price': '79496.78', 'qty': '0.1', 'id': 247697979505383867, 'time': '1650331666236', 'mpid': 'SYMB', 'key': '6APMLSAWF31GC0'}, {'side': 'S', 'act': 'U', 'src': 'CROX', 'price': '79905.5', 'qty': '0.1', 'id': 247697979505383868, 'time': '1650331666236', 'mpid': 'SYMB', 'key': '6APMLSAWF31HC0'}, {'side': 'S', 'act': 'U', 'src': 'CROX', 'price': '80314.22', 'qty': '0.1', 'id': 247697979505383869, 'time': '1650331666236', 'mpid': 'SYMB', 'key': '6APMLSAWF31IC0'}, {'side': 'S', 'act': 'U', 'src': 'CROX', 'price': '80722.95', 'qty': '0.1', 'id': 247697979505383870, 'time': '1650331666236', 'mpid': 'SYMB', 'key': '6APMLSAWF31JC0'}, {'side': 'S', 'act': 'U', 'src': 'CROX', 'price': '81131.67', 'qty': '0.1', 'id': 247697979505383871, 'time': '1650331666237', 'mpid': 'SYMB', 'key': '6APMLSAWF31KC0'}, {'side': 'S', 'act': 'U', 'src': 'CROX', 'price': '81540.4', 'qty': '0.1', 'id': 247697979505383872, 'time': '1650331666237', 'mpid': 'SYMB', 'key': '6APMLSAWF31LC0'}, {'side': 'B', 'act': 'U', 'src': 'CROX', 'price': '9594.37', 'qty': '0.1', 'id': 247697979505385082, 'time': '1650332234872', 'mpid': 'SYMB', 'key': '6APMLSAWF759C0'}, {'side': 'S', 'act': 'U', 'src': 'CROX', 'price': '48380.13', 'qty': '0.1', 'id': 247697979505385124, 'time': '1650332234937', 'mpid': 'SYMB', 'key': '6APMLSAWF76FC0'}, {'side': 'S', 'act': 'U', 'src': 'CROX', 'price': '49196.67', 'qty': '0.1', 'id': 247697979505385126, 'time': '1650332234937', 'mpid': 'SYMB', 'key': '6APMLSAWF76HC0'}, {'side': 'S', 'act': 'U', 'src': 'CROX', 'price': '49604.94', 'qty': '0.1', 'id': 247697979505385127, 'time': '1650332234937', 'mpid': 'SYMB', 'key': '6APMLSAWF76IC0'}, {'side': 'B', 'act': 'U', 'src': 'CROX', 'price': '4000', 'qty': '40000', 'id': 247697979505384986, 'time': '1650332197504', 'mpid': 'SYMB', 'key': '6APMLSAWF72DC0'}, {'side': 'B', 'act': 'U', 'src': 'CROX', 'price': '24700.4', 'qty': '0.1', 'id': 247697979505385045, 'time': '1650332234870', 'mpid': 'SYMB', 'key': '6APMLSAWF748C0'}, {'side': 'B', 'act': 'U', 'src': 'CROX', 'price': '24292.13', 'qty': '0.1', 'id': 247697979505385046, 'time': '1650332234870', 'mpid': 'SYMB', 'key': '6APMLSAWF749C0'}, {'side': 'B', 'act': 'U', 'src': 'CROX', 'price': '23883.86', 'qty': '0.1', 'id': 247697979505385047, 'time': '1650332234870', 'mpid': 'SYMB', 'key': '6APMLSAWF74AC0'}, {'side': 'B', 'act': 'U', 'src': 'CROX', 'price': '23475.59', 'qty': '0.1', 'id': 247697979505385048, 'time': '1650332234870', 'mpid': 'SYMB', 'key': '6APMLSAWF74BC0'}, {'side': 'B', 'act': 'U', 'src': 'CROX', 'price': '23067.32', 'qty': '0.1', 'id': 247697979505385049, 'time': '1650332234871', 'mpid': 'SYMB', 'key': '6APMLSAWF74CC0'}, {'side': 'B', 'act': 'U', 'src': 'CROX', 'price': '22659.04', 'qty': '0.1', 'id': 247697979505385050, 'time': '1650332234871', 'mpid': 'SYMB', 'key': '6APMLSAWF74DC0'}, {'side': 'B', 'act': 'U', 'src': 'CROX', 'price': '22250.77', 'qty': '0.1', 'id': 247697979505385051, 'time': '1650332234871', 'mpid': 'SYMB', 'key': '6APMLSAWF74EC0'}, {'side': 'B', 'act': 'U', 'src': 'CROX', 'price': '21842.5', 'qty': '0.1', 'id': 247697979505385052, 'time': '1650332234871', 'mpid': 'SYMB', 'key': '6APMLSAWF74FC0'}, {'side': 'B', 'act': 'U', 'src': 'CROX', 'price': '21434.23', 'qty': '0.1', 'id': 247697979505385053, 'time': '1650332234871', 'mpid': 'SYMB', 'key': '6APMLSAWF74GC0'}, {'side': 'B', 'act': 'U', 'src': 'CROX', 'price': '21025.96', 'qty': '0.1', 'id': 247697979505385054, 'time': '1650332234871', 'mpid': 'SYMB', 'key': '6APMLSAWF74HC0'}, {'side': 'B', 'act': 'U', 'src': 'CROX', 'price': '20617.69', 'qty': '0.1', 'id': 247697979505385055, 'time': '1650332234871', 'mpid': 'SYMB', 'key': '6APMLSAWF74IC0'}, {'side': 'B', 'act': 'U', 'src': 'CROX', 'price': '20209.42', 'qty': '0.1', 'id': 247697979505385056, 'time': '1650332234871', 'mpid': 'SYMB', 'key': '6APMLSAWF74JC0'}, {'side': 'B', 'act': 'U', 'src': 'CROX', 'price': '19801.15', 'qty': '0.1', 'id': 247697979505385057, 'time': '1650332234871', 'mpid': 'SYMB', 'key': '6APMLSAWF74KC0'}, {'side': 'B', 'act': 'U', 'src': 'CROX', 'price': '19392.88', 'qty': '0.1', 'id': 247697979505385058, 'time': '1650332234871', 'mpid': 'SYMB', 'key': '6APMLSAWF74LC0'}, {'side': 'B', 'act': 'U', 'src': 'CROX', 'price': '18984.6', 'qty': '0.1', 'id': 247697979505385059, 'time': '1650332234871', 'mpid': 'SYMB', 'key': '6APMLSAWF74MC0'}, {'side': 'B', 'act': 'U', 'src': 'CROX', 'price': '18576.33', 'qty': '0.1', 'id': 247697979505385060, 'time': '1650332234871', 'mpid': 'SYMB', 'key': '6APMLSAWF74NC0'}, {'side': 'B', 'act': 'U', 'src': 'CROX', 'price': '18168.06', 'qty': '0.1', 'id': 247697979505385061, 'time': '1650332234871', 'mpid': 'SYMB', 'key': '6APMLSAWF74OC0'}, {'side': 'B', 'act': 'U', 'src': 'CROX', 'price': '17759.79', 'qty': '0.1', 'id': 247697979505385062, 'time': '1650332234871', 'mpid': 'SYMB', 'key': '6APMLSAWF74PC0'}, {'side': 'B', 'act': 'U', 'src': 'CROX', 'price': '17351.52', 'qty': '0.1', 'id': 247697979505385063, 'time': '1650332234871', 'mpid': 'SYMB', 'key': '6APMLSAWF74QC0'}, {'side': 'B', 'act': 'U', 'src': 'CROX', 'price': '16943.25', 'qty': '0.1', 'id': 247697979505385064, 'time': '1650332234871', 'mpid': 'SYMB', 'key': '6APMLSAWF74RC0'}, {'side': 'B', 'act': 'U', 'src': 'CROX', 'price': '16534.98', 'qty': '0.1', 'id': 247697979505385065, 'time': '1650332234871', 'mpid': 'SYMB', 'key': '6APMLSAWF74SC0'}, {'side': 'B', 'act': 'U', 'src': 'CROX', 'price': '16126.71', 'qty': '0.1', 'id': 247697979505385066, 'time': '1650332234871', 'mpid': 'SYMB', 'key': '6APMLSAWF74TC0'}, {'side': 'B', 'act': 'U', 'src': 'CROX', 'price': '15718.43', 'qty': '0.1', 'id': 247697979505385067, 'time': '1650332234871', 'mpid': 'SYMB', 'key': '6APMLSAWF74UC0'}, {'side': 'B', 'act': 'U', 'src': 'CROX', 'price': '15310.16', 'qty': '0.1', 'id': 247697979505385068, 'time': '1650332234871', 'mpid': 'SYMB', 'key': '6APMLSAWF74VC0'}, {'side': 'B', 'act': 'U', 'src': 'CROX', 'price': '14901.89', 'qty': '0.1', 'id': 247697979505385069, 'time': '1650332234871', 'mpid': 'SYMB', 'key': '6APMLSAWF74WC0'}, {'side': 'B', 'act': 'U', 'src': 'CROX', 'price': '14493.62', 'qty': '0.1', 'id': 247697979505385070, 'time': '1650332234871', 'mpid': 'SYMB', 'key': '6APMLSAWF74XC0'}, {'side': 'B', 'act': 'U', 'src': 'CROX', 'price': '14085.35', 'qty': '0.1', 'id': 247697979505385071, 'time': '1650332234871', 'mpid': 'SYMB', 'key': '6APMLSAWF74YC0'}, {'side': 'B', 'act': 'U', 'src': 'CROX', 'price': '13677.08', 'qty': '0.1', 'id': 247697979505385072, 'time': '1650332234871', 'mpid': 'SYMB', 'key': '6APMLSAWF74ZC0'}, {'side': 'B', 'act': 'U', 'src': 'CROX', 'price': '13268.81', 'qty': '0.1', 'id': 247697979505385073, 'time': '1650332234871', 'mpid': 'SYMB', 'key': '6APMLSAWF750C0'}, {'side': 'B', 'act': 'U', 'src': 'CROX', 'price': '12860.54', 'qty': '0.1', 'id': 247697979505385074, 'time': '1650332234871', 'mpid': 'SYMB', 'key': '6APMLSAWF751C0'}, {'side': 'B', 'act': 'U', 'src': 'CROX', 'price': '12452.27', 'qty': '0.1', 'id': 247697979505385075, 'time': '1650332234871', 'mpid': 'SYMB', 'key': '6APMLSAWF752C0'}, {'side': 'B', 'act': 'U', 'src': 'CROX', 'price': '12043.99', 'qty': '0.1', 'id': 247697979505385076, 'time': '1650332234871', 'mpid': 'SYMB', 'key': '6APMLSAWF753C0'}, {'side': 'B', 'act': 'U', 'src': 'CROX', 'price': '11635.72', 'qty': '0.1', 'id': 247697979505385077, 'time': '1650332234871', 'mpid': 'SYMB', 'key': '6APMLSAWF754C0'}, {'side': 'B', 'act': 'U', 'src': 'CROX', 'price': '11227.45', 'qty': '0.1', 'id': 247697979505385078, 'time': '1650332234871', 'mpid': 'SYMB', 'key': '6APMLSAWF755C0'}, {'side': 'B', 'act': 'U', 'src': 'CROX', 'price': '10819.18', 'qty': '0.1', 'id': 247697979505385079, 'time': '1650332234872', 'mpid': 'SYMB', 'key': '6APMLSAWF756C0'}, {'side': 'B', 'act': 'U', 'src': 'CROX', 'price': '10410.91', 'qty': '0.1', 'id': 247697979505385080, 'time': '1650332234872', 'mpid': 'SYMB', 'key': '6APMLSAWF757C0'}, {'side': 'B', 'act': 'U', 'src': 'CROX', 'price': '10002.64', 'qty': '0.1', 'id': 247697979505385081, 'time': '1650332234872', 'mpid': 'SYMB', 'key': '6APMLSAWF758C0'}, {'side': 'B', 'act': 'U', 'src': 'CROX', 'price': '9186.1', 'qty': '0.1', 'id': 247697979505385083, 'time': '1650332234872', 'mpid': 'SYMB', 'key': '6APMLSAWF75AC0'}, {'side': 'B', 'act': 'U', 'src': 'CROX', 'price': '8777.82', 'qty': '0.1', 'id': 247697979505385084, 'time': '1650332234872', 'mpid': 'SYMB', 'key': '6APMLSAWF75BC0'}, {'side': 'B', 'act': 'U', 'src': 'CROX', 'price': '8369.55', 'qty': '0.1', 'id': 247697979505385085, 'time': '1650332234872', 'mpid': 'SYMB', 'key': '6APMLSAWF75CC0'}, {'side': 'B', 'act': 'U', 'src': 'CROX', 'price': '7961.28', 'qty': '0.1', 'id': 247697979505385086, 'time': '1650332234872', 'mpid': 'SYMB', 'key': '6APMLSAWF75DC0'}, {'side': 'B', 'act': 'U', 'src': 'CROX', 'price': '7553.01', 'qty': '0.1', 'id': 247697979505385087, 'time': '1650332234872', 'mpid': 'SYMB', 'key': '6APMLSAWF75EC0'}, {'side': 'B', 'act': 'U', 'src': 'CROX', 'price': '7144.74', 'qty': '0.1', 'id': 247697979505385088, 'time': '1650332234872', 'mpid': 'SYMB', 'key': '6APMLSAWF75FC0'}, {'side': 'B', 'act': 'U', 'src': 'CROX', 'price': '6736.47', 'qty': '0.1', 'id': 247697979505385089, 'time': '1650332234872', 'mpid': 'SYMB', 'key': '6APMLSAWF75GC0'}, {'side': 'S', 'act': 'U', 'src': 'CROX', 'price': '41402.96', 'qty': '21.77911725', 'id': 247697979505814749, 'time': '1650410004740', 'mpid': 'SYMB', 'key': '6APMLSAWRZPQC0'}, {'side': 'B', 'act': 'U', 'src': 'CROX', 'price': '6328.2', 'qty': '0.1', 'id': 247697979505385090, 'time': '1650332234872', 'mpid': 'SYMB', 'key': '6APMLSAWF75HC0'}, {'side': 'B', 'act': 'U', 'src': 'CROX', 'price': '5919.93', 'qty': '0.1', 'id': 247697979505385091, 'time': '1650332234872', 'mpid': 'SYMB', 'key': '6APMLSAWF75IC0'}, {'side': 'B', 'act': 'U', 'src': 'CROX', 'price': '5511.66', 'qty': '0.1', 'id': 247697979505385092, 'time': '1650332234872', 'mpid': 'SYMB', 'key': '6APMLSAWF75JC0'}, {'side': 'B', 'act': 'U', 'src': 'CROX', 'price': '5103.38', 'qty': '0.1', 'id': 247697979505385093, 'time': '1650332234872', 'mpid': 'SYMB', 'key': '6APMLSAWF75KC0'}, {'side': 'S', 'act': 'U', 'src': 'CROX', 'price': '41535.09', 'qty': '5', 'id': 247697979505814753, 'time': '1650409731089', 'mpid': 'SYMB', 'key': '6APMLSAWRZPUC0'}, {'side': 'B', 'act': 'U', 'src': 'CROX', 'price': '4695.11', 'qty': '0.1', 'id': 247697979505385094, 'time': '1650332234872', 'mpid': 'SYMB', 'key': '6APMLSAWF75LC0'}, {'side': 'B', 'act': 'U', 'src': 'CROX', 'price': '4286.84', 'qty': '0.1', 'id': 247697979505385095, 'time': '1650332234872', 'mpid': 'SYMB', 'key': '6APMLSAWF75MC0'}, {'side': 'B', 'act': 'U', 'src': 'CROX', 'price': '3878.57', 'qty': '0.1', 'id': 247697979505385096, 'time': '1650332234872', 'mpid': 'SYMB', 'key': '6APMLSAWF75NC0'}, {'side': 'B', 'act': 'U', 'src': 'CROX', 'price': '3470.3', 'qty': '0.1', 'id': 247697979505385097, 'time': '1650332234872', 'mpid': 'SYMB', 'key': '6APMLSAWF75OC0'}, {'side': 'B', 'act': 'U', 'src': 'CROX', 'price': '3062.03', 'qty': '0.1', 'id': 247697979505385098, 'time': '1650332234872', 'mpid': 'SYMB', 'key': '6APMLSAWF75PC0'}, {'side': 'B', 'act': 'U', 'src': 'CROX', 'price': '2653.76', 'qty': '0.1', 'id': 247697979505385099, 'time': '1650332234872', 'mpid': 'SYMB', 'key': '6APMLSAWF75QC0'}, {'side': 'B', 'act': 'U', 'src': 'CROX', 'price': '2245.49', 'qty': '0.1', 'id': 247697979505385100, 'time': '1650332234872', 'mpid': 'SYMB', 'key': '6APMLSAWF75RC0'}, {'side': 'B', 'act': 'U', 'src': 'CROX', 'price': '1837.22', 'qty': '0.1', 'id': 247697979505385101, 'time': '1650332234872', 'mpid': 'SYMB', 'key': '6APMLSAWF75SC0'}, {'side': 'B', 'act': 'U', 'src': 'CROX', 'price': '1428.94', 'qty': '0.1', 'id': 247697979505385102, 'time': '1650332234872', 'mpid': 'SYMB', 'key': '6APMLSAWF75TC0'}, {'side': 'B', 'act': 'U', 'src': 'CROX', 'price': '1020.67', 'qty': '0.1', 'id': 247697979505385103, 'time': '1650332234872', 'mpid': 'SYMB', 'key': '6APMLSAWF75UC0'}, {'side': 'B', 'act': 'U', 'src': 'CROX', 'price': '612.4', 'qty': '0.1', 'id': 247697979505385104, 'time': '1650332234872', 'mpid': 'SYMB', 'key': '6APMLSAWF75VC0'}, {'side': 'B', 'act': 'U', 'src': 'CROX', 'price': '204.13', 'qty': '0.1', 'id': 247697979505385105, 'time': '1650332234872', 'mpid': 'SYMB', 'key': '6APMLSAWF75WC0'}, {'side': 'S', 'act': 'U', 'src': 'CROX', 'price': '41847.79', 'qty': '0.1', 'id': 247697979505385108, 'time': '1650332234937', 'mpid': 'SYMB', 'key': '6APMLSAWF75ZC0'}, {'side': 'S', 'act': 'U', 'src': 'CROX', 'price': '42256.06', 'qty': '0.1', 'id': 247697979505385109, 'time': '1650332234937', 'mpid': 'SYMB', 'key': '6APMLSAWF760C0'}, {'side': 'S', 'act': 'U', 'src': 'CROX', 'price': '42664.33', 'qty': '0.1', 'id': 247697979505385110, 'time': '1650332234937', 'mpid': 'SYMB', 'key': '6APMLSAWF761C0'}, {'side': 'S', 'act': 'U', 'src': 'CROX', 'price': '43072.6', 'qty': '0.1', 'id': 247697979505385111, 'time': '1650332234937', 'mpid': 'SYMB', 'key': '6APMLSAWF762C0'}